<?xml version="1.0" encoding="UTF-8"?>
<!DOCTYPE html PUBLIC "-//W3C//DTD XHTML 1.0 Transitional//EN"
    "http://www.w3.org/TR/xhtml1/DTD/xhtml1-transitional.dtd">
<html xmlns="http://www.w3.org/1999/xhtml" xml:lang="en" lang="en">
 <head>
  <title>
</title>
<meta http-equiv="Content-Type" content="text/html;charset=utf-8" />
  <meta name='ocr-system' content='tesseract 3.04.00' />
  <meta name='ocr-capabilities' content='ocr_page ocr_carea ocr_par ocr_line ocrx_word'/>
</head>
<body>
  <div class='ocr_page' id='page_1' title='image "./aburbecondital0104livyuoft/aburbecondital0104livyuoft_0073.png"; bbox 0 0 2000 3338; ppageno 0'>
   <div class='ocr_carea' id='block_1_1' title="bbox 132 176 1677 218">
    <p class='ocr_par' dir='ltr' id='par_1_1' title="bbox 132 176 1677 218">
     <span class='ocr_line' id='line_1_1' title="bbox 132 176 1677 218; baseline -0.003 -4"><span class='ocrx_word' id='word_1_1' title='bbox 132 197 158 215; x_wconf 80' lang='lat' dir='ltr'>a.</span> <span class='ocrx_word' id='word_1_2' title='bbox 180 189 244 214; x_wconf 79' lang='lat' dir='ltr'>Chr.</span> <span class='ocrx_word' id='word_1_3' title='bbox 264 196 290 213; x_wconf 85' lang='lat' dir='ltr'>n.</span> <span class='ocrx_word' id='word_1_4' title='bbox 312 189 372 213; x_wconf 82' lang='lat'>210.</span> <span class='ocrx_word' id='word_1_5' title='bbox 590 178 736 213; x_wconf 86' lang='lat' dir='ltr'><strong>LIBER</strong></span> <span class='ocrx_word' id='word_1_6' title='bbox 759 178 890 214; x_wconf 85' lang='lat' dir='ltr'>XXVI.</span> <span class='ocrx_word' id='word_1_7' title='bbox 941 177 1042 213; x_wconf 90' lang='lat' dir='ltr'>CAP.</span> <span class='ocrx_word' id='word_1_8' title='bbox 1070 181 1124 213; x_wconf 83' lang='grc'>29.</span> <span class='ocrx_word' id='word_1_9' title='bbox 1152 181 1208 212; x_wconf 86' lang='grc'>30.</span> <span class='ocrx_word' id='word_1_10' title='bbox 1622 176 1677 218; x_wconf 83' lang='grc'>63</span> 
     </span>
    </p>
   </div>
   <div class='ocr_carea' id='block_1_2' title="bbox 124 283 1750 1688">
    <p class='ocr_par' dir='ltr' id='par_1_2' title="bbox 130 283 1679 386">
     <span class='ocr_line' id='line_1_2' title="bbox 130 283 1679 340; baseline -0.001 -13"><span class='ocrx_word' id='word_1_11' title='bbox 130 286 421 328; x_wconf 88' lang='lat' dir='ltr'>Romanorum</span> <span class='ocrx_word' id='word_1_12' title='bbox 447 286 771 340; x_wconf 89' lang='lat' dir='ltr'>imperatorum,</span> <span class='ocrx_word' id='word_1_13' title='bbox 796 285 1011 340; x_wconf 84' lang='lat' dir='ltr'>prosperis</span> <span class='ocrx_word' id='word_1_14' title='bbox 1036 288 1128 326; x_wconf 87' lang='lat' dir='ltr'>tum</span> <span class='ocrx_word' id='word_1_15' title='bbox 1148 285 1329 326; x_wconf 85' lang='lat' dir='ltr'>maxime</span> <span class='ocrx_word' id='word_1_16' title='bbox 1356 283 1520 326; x_wconf 79' lang='lat' dir='ltr'>bellicis</span> <span class='ocrx_word' id='word_1_17' title='bbox 1539 284 1679 338; x_wconf 82' lang='lat' dir='ltr'>rebus,</span> 
     </span>
     <span class='ocr_line' id='line_1_3' title="bbox 132 344 314 386; baseline -0.005 0"><span class='ocrx_word' id='word_1_18' title='bbox 132 344 314 386; x_wconf 88' lang='lat' dir='ltr'>caderet.</span> 
     </span>
    </p>

    <p class='ocr_par' dir='ltr' id='par_1_3' title="bbox 124 401 1750 1688">
     <span class='ocr_line' id='line_1_4' title="bbox 247 401 1750 457; baseline -0.001 -14"><span class='ocrx_word' id='word_1_19' title='bbox 247 402 504 444; x_wconf 71' lang='lat' dir='ltr'>Permutatis</span> <span class='ocrx_word' id='word_1_20' title='bbox 541 403 770 457; x_wconf 79' lang='lat' dir='ltr'>provinciis</span> <span class='ocrx_word' id='word_1_21' title='bbox 803 401 935 444; x_wconf 88' lang='lat' dir='ltr'>Siculi</span> <span class='ocrx_word' id='word_1_22' title='bbox 971 402 1016 443; x_wconf 91' lang='lat' dir='ltr'>in</span> <span class='ocrx_word' id='word_1_23' title='bbox 1048 404 1242 443; x_wconf 89' lang='lat' dir='ltr'>senatum</span> <span class='ocrx_word' id='word_1_24' title='bbox 1279 401 1511 443; x_wconf 72' lang='lat' dir='ltr'>introducti</span> <span class='ocrx_word' id='word_1_25' title='bbox 1544 401 1677 443; x_wconf 87' lang='lat' dir='ltr'>multa</span> <span class='ocrx_word' id='word_1_26' title='bbox 1692 401 1750 443; x_wconf 82' lang='lat'>30</span> 
     </span>
     <span class='ocr_line' id='line_1_5' title="bbox 131 459 1679 516; baseline -0.001 -14"><span class='ocrx_word' id='word_1_27' title='bbox 131 461 181 503; x_wconf 90' lang='lat' dir='ltr'>de</span> <span class='ocrx_word' id='word_1_28' title='bbox 200 460 401 503; x_wconf 88' lang='lat' dir='ltr'>Hieronis</span> <span class='ocrx_word' id='word_1_29' title='bbox 432 462 546 516; x_wconf 86' lang='lat' dir='ltr'>regis</span> <span class='ocrx_word' id='word_1_30' title='bbox 577 461 659 503; x_wconf 89' lang='lat' dir='ltr'>fide</span> <span class='ocrx_word' id='word_1_31' title='bbox 690 465 896 516; x_wconf 88' lang='lat' dir='ltr'>perpetua</span> <span class='ocrx_word' id='word_1_32' title='bbox 926 474 1029 515; x_wconf 86' lang='lat' dir='ltr'>erga</span> <span class='ocrx_word' id='word_1_33' title='bbox 1059 461 1264 514; x_wconf 86' lang='lat' dir='ltr'>populum</span> <span class='ocrx_word' id='word_1_34' title='bbox 1286 460 1526 502; x_wconf 88' lang='lat' dir='ltr'>Romanum</span> <span class='ocrx_word' id='word_1_35' title='bbox 1549 459 1679 501; x_wconf 86' lang='lat' dir='ltr'>verba</span> 
     </span>
     <span class='ocr_line' id='line_1_6' title="bbox 128 518 1725 575; baseline -0.001 -14"><span class='ocrx_word' id='word_1_36' title='bbox 128 519 320 561; x_wconf 87' lang='lat' dir='ltr'>fecerunt</span> <span class='ocrx_word' id='word_1_37' title='bbox 361 520 406 561; x_wconf 90' lang='lat' dir='ltr'>in</span> <span class='ocrx_word' id='word_1_38' title='bbox 457 520 641 575; x_wconf 77' lang='lat' dir='ltr'>gratiam</span> <span class='ocrx_word' id='word_1_39' title='bbox 688 520 902 574; x_wconf 85' lang='lat' dir='ltr'>publicam</span> <span class='ocrx_word' id='word_1_40' title='bbox 947 520 1200 560; x_wconf 81' lang='lat' dir='ltr'>avertentes.</span> <span class='ocrx_word' id='word_1_41' title='bbox 1272 518 1585 572; x_wconf 82' lang='lat' dir='ltr'>Hieronymum</span> <span class='ocrx_word' id='word_1_42' title='bbox 1631 533 1679 560; x_wconf 90' lang='lat' dir='ltr'>ac</span> <span class='ocrx_word' id='word_1_43' title='bbox 1705 529 1725 559; x_wconf 75' lang='lat'><strong>2</strong></span> 
     </span>
     <span class='ocr_line' id='line_1_7' title="bbox 128 577 1679 633; baseline -0.002 -13"><span class='ocrx_word' id='word_1_44' title='bbox 128 580 280 632; x_wconf 88' lang='lat' dir='ltr'>postea</span> <span class='ocrx_word' id='word_1_45' title='bbox 302 577 593 633; x_wconf 87' lang='lat' dir='ltr'>Hippocraten</span> <span class='ocrx_word' id='word_1_46' title='bbox 624 580 750 632; x_wconf 89' lang='lat' dir='ltr'>atque</span> <span class='ocrx_word' id='word_1_47' title='bbox 771 577 992 630; x_wconf 83' lang='lat' dir='ltr'>Epicyden</span> <span class='ocrx_word' id='word_1_48' title='bbox 1022 578 1226 629; x_wconf 87' lang='lat' dir='ltr'>tyrannos</span> <span class='ocrx_word' id='word_1_49' title='bbox 1259 590 1354 617; x_wconf 92' lang='lat' dir='ltr'>cum</span> <span class='ocrx_word' id='word_1_50' title='bbox 1387 577 1440 617; x_wconf 93' lang='lat' dir='ltr'>ob</span> <span class='ocrx_word' id='word_1_51' title='bbox 1473 577 1557 617; x_wconf 90' lang='lat' dir='ltr'>alia</span> <span class='ocrx_word' id='word_1_52' title='bbox 1586 579 1679 618; x_wconf 90' lang='lat' dir='ltr'>tum</span> 
     </span>
     <span class='ocr_line' id='line_1_8' title="bbox 128 633 1678 692; baseline -0.001 -14"><span class='ocrx_word' id='word_1_53' title='bbox 128 641 304 692; x_wconf 88' lang='lat' dir='ltr'>propter</span> <span class='ocrx_word' id='word_1_54' title='bbox 329 637 610 678; x_wconf 87' lang='lat' dir='ltr'>defectionem</span> <span class='ocrx_word' id='word_1_55' title='bbox 641 637 694 677; x_wconf 89' lang='lat' dir='ltr'>ab</span> <span class='ocrx_word' id='word_1_56' title='bbox 721 635 927 676; x_wconf 87' lang='lat' dir='ltr'>Romanis</span> <span class='ocrx_word' id='word_1_57' title='bbox 961 633 1014 675; x_wconf 88' lang='lat' dir='ltr'>ad</span> <span class='ocrx_word' id='word_1_58' title='bbox 1039 633 1326 675; x_wconf 86' lang='lat' dir='ltr'>Hannibalem</span> <span class='ocrx_word' id='word_1_59' title='bbox 1354 634 1514 675; x_wconf 84' lang='lat' dir='ltr'>invisos</span> <span class='ocrx_word' id='word_1_60' title='bbox 1545 635 1678 676; x_wconf 79' lang='lat' dir='ltr'>fuisse</span> 
     </span>
     <span class='ocr_line' id='line_1_9' title="bbox 130 692 1678 747; baseline -0.003 -10"><span class='ocrx_word' id='word_1_61' title='bbox 130 695 223 737; x_wconf 89' lang='lat' dir='ltr'>sibi.</span> <span class='ocrx_word' id='word_1_62' title='bbox 274 696 327 738; x_wconf 93' lang='lat' dir='ltr'>ob</span> <span class='ocrx_word' id='word_1_63' title='bbox 360 710 454 737; x_wconf 88' lang='lat' dir='ltr'>eam</span> <span class='ocrx_word' id='word_1_64' title='bbox 485 709 656 737; x_wconf 89' lang='lat' dir='ltr'>causam</span> <span class='ocrx_word' id='word_1_65' title='bbox 688 697 730 734; x_wconf 89' lang='lat' dir='ltr'>et</span> <span class='ocrx_word' id='word_1_66' title='bbox 755 693 1064 746; x_wconf 86' lang='lat' dir='ltr'>Hieronymum</span> <span class='ocrx_word' id='word_1_67' title='bbox 1097 708 1121 733; x_wconf 90' lang='lat' dir='ltr'>a</span> <span class='ocrx_word' id='word_1_68' title='bbox 1151 692 1415 747; x_wconf 88' lang='lat' dir='ltr'>principibus</span> <span class='ocrx_word' id='word_1_69' title='bbox 1447 693 1678 734; x_wconf 85' lang='lat' dir='ltr'>iuventutis</span> 
     </span>
     <span class='ocr_line' id='line_1_10' title="bbox 128 750 1725 809; baseline -0.002 -13"><span class='ocrx_word' id='word_1_70' title='bbox 128 769 261 809; x_wconf 90' lang='lat' dir='ltr'>prope</span> <span class='ocrx_word' id='word_1_71' title='bbox 292 754 462 809; x_wconf 90' lang='lat' dir='ltr'>publico</span> <span class='ocrx_word' id='word_1_72' title='bbox 489 753 664 794; x_wconf 89' lang='lat' dir='ltr'>consilio</span> <span class='ocrx_word' id='word_1_73' title='bbox 695 752 985 805; x_wconf 84' lang='lat' dir='ltr'>interfectum,</span> <span class='ocrx_word' id='word_1_74' title='bbox 1018 754 1060 793; x_wconf 86' lang='lat' dir='ltr'>et</span> <span class='ocrx_word' id='word_1_75' title='bbox 1090 752 1135 792; x_wconf 90' lang='lat' dir='ltr'>in</span> <span class='ocrx_word' id='word_1_76' title='bbox 1159 751 1363 806; x_wconf 88' lang='lat' dir='ltr'>Epicydis</span> <span class='ocrx_word' id='word_1_77' title='bbox 1384 750 1678 806; x_wconf 86' lang='lat' dir='ltr'>Hippocratis·</span> <span class='ocrx_word' id='word_1_78' title='bbox 1705 763 1725 794; x_wconf 86' lang='lat'><strong>3</strong></span> 
     </span>
     <span class='ocr_line' id='line_1_11' title="bbox 132 810 1680 868; baseline -0.002 -14"><span class='ocrx_word' id='word_1_79' title='bbox 132 827 211 868; x_wconf 90' lang='lat' dir='ltr'>que</span> <span class='ocrx_word' id='word_1_80' title='bbox 237 812 407 854; x_wconf 86' lang='lat' dir='ltr'>caedem</span> <span class='ocrx_word' id='word_1_81' title='bbox 433 811 706 865; x_wconf 84' lang='lat' dir='ltr'>septuaginta</span> <span class='ocrx_word' id='word_1_82' title='bbox 730 810 1095 852; x_wconf 89' lang='lat' dir='ltr'>nobilissimorum</span> <span class='ocrx_word' id='word_1_83' title='bbox 1120 811 1318 851; x_wconf 86' lang='lat' dir='ltr'>iuvenum</span> <span class='ocrx_word' id='word_1_84' title='bbox 1341 810 1680 852; x_wconf 89' lang='lat' dir='ltr'>coniurationem</span> 
     </span>
     <span class='ocr_line' id='line_1_12' title="bbox 130 868 1678 924; baseline -0.002 -11"><span class='ocrx_word' id='word_1_85' title='bbox 130 871 306 924; x_wconf 82' lang='lat' dir='ltr'>factam3</span> <span class='ocrx_word' id='word_1_86' title='bbox 337 884 442 924; x_wconf 90' lang='lat' dir='ltr'>quos</span> <span class='ocrx_word' id='word_1_87' title='bbox 462 868 653 911; x_wconf 88' lang='lat' dir='ltr'>Marcelli</span> <span class='ocrx_word' id='word_1_88' title='bbox 672 884 794 911; x_wconf 89' lang='lat' dir='ltr'>mora</span> <span class='ocrx_word' id='word_1_89' title='bbox 813 869 1060 923; x_wconf 83' lang='lat' dir='ltr'>destitutos⁷</span> <span class='ocrx_word' id='word_1_90' title='bbox 1087 869 1187 923; x_wconf 90' lang='lat' dir='ltr'>quia</span> <span class='ocrx_word' id='word_1_91' title='bbox 1207 869 1260 910; x_wconf 89' lang='lat' dir='ltr'>ad</span> <span class='ocrx_word' id='word_1_92' title='bbox 1285 869 1549 923; x_wconf 90' lang='lat' dir='ltr'>praedictum</span> <span class='ocrx_word' id='word_1_93' title='bbox 1573 871 1678 910; x_wconf 89' lang='lat' dir='ltr'>tem-</span> 
     </span>
     <span class='ocr_line' id='line_1_13' title="bbox 127 927 1678 984; baseline -0.001 -14"><span class='ocrx_word' id='word_1_94' title='bbox 127 944 208 984; x_wconf 89' lang='lat' dir='ltr'>pus</span> <span class='ocrx_word' id='word_1_95' title='bbox 251 929 483 974; x_wconf 84' lang='lat' dir='ltr'>exercitum</span> <span class='ocrx_word' id='word_1_96' title='bbox 527 929 577 969; x_wconf 88' lang='lat' dir='ltr'>ad</span> <span class='ocrx_word' id='word_1_97' title='bbox 623 927 857 982; x_wconf 82' lang='lat' dir='ltr'>Syracusas</span> <span class='ocrx_word' id='word_1_98' title='bbox 901 942 990 970; x_wconf 92' lang='lat' dir='ltr'>non</span> <span class='ocrx_word' id='word_1_99' title='bbox 1033 928 1314 981; x_wconf 82' lang='lat' dir='ltr'>admovisset,</span> <span class='ocrx_word' id='word_1_100' title='bbox 1363 928 1520 969; x_wconf 89' lang='lat' dir='ltr'>indicio</span> <span class='ocrx_word' id='word_1_101' title='bbox 1564 927 1678 969; x_wconf 86' lang='lat' dir='ltr'>facto</span> 
     </span>
     <span class='ocr_line' id='line_1_14' title="bbox 128 986 1727 1041; baseline -0.001 -12"><span class='ocrx_word' id='word_1_102' title='bbox 128 1002 274 1030; x_wconf 90' lang='lat' dir='ltr'>omnes</span> <span class='ocrx_word' id='word_1_103' title='bbox 319 987 371 1028; x_wconf 90' lang='lat' dir='ltr'>ab</span> <span class='ocrx_word' id='word_1_104' title='bbox 414 987 610 1041; x_wconf 85' lang='lat' dir='ltr'>tyrannis</span> <span class='ocrx_word' id='word_1_105' title='bbox 654 987 916 1028; x_wconf 87' lang='lat' dir='ltr'>interfectos.</span> <span class='ocrx_word' id='word_1_106' title='bbox 985 1001 1078 1028; x_wconf 89' lang='lat' dir='ltr'>eam</span> <span class='ocrx_word' id='word_1_107' title='bbox 1121 1000 1287 1041; x_wconf 90' lang='lat' dir='ltr'>quoque</span> <span class='ocrx_word' id='word_1_108' title='bbox 1324 986 1599 1040; x_wconf 87' lang='lat' dir='ltr'>Hippocratis</span> <span class='ocrx_word' id='word_1_109' title='bbox 1638 989 1679 1027; x_wconf 84' lang='lat' dir='ltr'>et</span> <span class='ocrx_word' id='word_1_110' title='bbox 1704 997 1727 1027; x_wconf 84' lang='lat'>4</span> 
     </span>
     <span class='ocr_line' id='line_1_15' title="bbox 124 1044 1680 1101; baseline -0.002 -13"><span class='ocrx_word' id='word_1_111' title='bbox 124 1046 328 1101; x_wconf 87' lang='lat' dir='ltr'>Epicydis</span> <span class='ocrx_word' id='word_1_112' title='bbox 366 1046 637 1100; x_wconf 87' lang='lat' dir='ltr'>tyrannidem</span> <span class='ocrx_word' id='word_1_113' title='bbox 668 1046 916 1088; x_wconf 90' lang='lat' dir='ltr'>Marcellum</span> <span class='ocrx_word' id='word_1_114' title='bbox 954 1045 1161 1086; x_wconf 84' lang='lat' dir='ltr'>excitasse</span> <span class='ocrx_word' id='word_1_115' title='bbox 1193 1044 1415 1086; x_wconf 89' lang='lat' dir='ltr'>Leontinis</span> <span class='ocrx_word' id='word_1_116' title='bbox 1453 1045 1680 1086; x_wconf 87' lang='lat' dir='ltr'>crudeliter</span> 
     </span>
     <span class='ocr_line' id='line_1_16' title="bbox 127 1103 1724 1160; baseline -0.001 -14"><span class='ocrx_word' id='word_1_117' title='bbox 127 1104 316 1160; x_wconf 89' lang='lat' dir='ltr'>direptis.</span> <span class='ocrx_word' id='word_1_118' title='bbox 364 1119 596 1160; x_wconf 89' lang='lat' dir='ltr'>numquam</span> <span class='ocrx_word' id='word_1_119' title='bbox 627 1105 774 1146; x_wconf 86' lang='lat' dir='ltr'>deinde</span> <span class='ocrx_word' id='word_1_120' title='bbox 804 1104 1016 1158; x_wconf 88' lang='lat' dir='ltr'>principes</span> <span class='ocrx_word' id='word_1_121' title='bbox 1038 1103 1405 1158; x_wconf 83' lang='lat' dir='ltr'>Syracusanorum</span> <span class='ocrx_word' id='word_1_122' title='bbox 1438 1104 1598 1145; x_wconf 90' lang='lat' dir='ltr'>desisse</span> <span class='ocrx_word' id='word_1_123' title='bbox 1625 1103 1676 1144; x_wconf 87' lang='lat' dir='ltr'>ad</span> <span class='ocrx_word' id='word_1_124' title='bbox 1704 1114 1724 1145; x_wconf 85' lang='lat'>5</span> 
     </span>
     <span class='ocr_line' id='line_1_17' title="bbox 126 1163 1678 1218; baseline -0.001 -14"><span class='ocrx_word' id='word_1_125' title='bbox 126 1163 377 1205; x_wconf 88' lang='lat' dir='ltr'>Marcellum</span> <span class='ocrx_word' id='word_1_126' title='bbox 408 1164 591 1205; x_wconf 88' lang='lat' dir='ltr'>transire</span> <span class='ocrx_word' id='word_1_127' title='bbox 621 1163 899 1218; x_wconf 87' lang='lat' dir='ltr'>pollicerique</span> <span class='ocrx_word' id='word_1_128' title='bbox 932 1177 976 1204; x_wconf 91' lang='lat' dir='ltr'>se</span> <span class='ocrx_word' id='word_1_129' title='bbox 1007 1163 1174 1217; x_wconf 84' lang='lat' dir='ltr'>urbem,</span> <span class='ocrx_word' id='word_1_130' title='bbox 1214 1177 1309 1204; x_wconf 90' lang='lat' dir='ltr'>cum</span> <span class='ocrx_word' id='word_1_131' title='bbox 1341 1163 1486 1211; x_wconf 84' lang='lat' dir='ltr'>vellet,</span> <span class='ocrx_word' id='word_1_132' title='bbox 1524 1163 1563 1204; x_wconf 92' lang='lat' dir='ltr'>ei</span> <span class='ocrx_word' id='word_1_133' title='bbox 1593 1164 1678 1203; x_wconf 90' lang='lat' dir='ltr'>tra-</span> 
     </span>
     <span class='ocr_line' id='line_1_18' title="bbox 127 1196 1726 1288; baseline 0.001 -25"><span class='ocrx_word' id='word_1_134' title='bbox 127 1223 308 1276; x_wconf 78' lang='lat' dir='ltr'>ditur0s3</span> <span class='ocrx_word' id='word_1_135' title='bbox 341 1222 414 1263; x_wconf 90' lang='lat' dir='ltr'>sed</span> <span class='ocrx_word' id='word_1_136' title='bbox 434 1237 528 1263; x_wconf 89' lang='lat' dir='ltr'>eum</span> <span class='ocrx_word' id='word_1_137' title='bbox 553 1223 692 1288; x_wconf 80' lang='lat' dir='ltr'>primo</span> <span class='ocrx_word' id='word_1_138' title='bbox 718 1222 761 1263; x_wconf 79' lang='lat' dir='ltr'>vi</span> <span class='ocrx_word' id='word_1_139' title='bbox 781 1236 929 1277; x_wconf 87' lang='lat' dir='ltr'>capere</span> <span class='ocrx_word' id='word_1_140' title='bbox 956 1222 1175 1277; x_wconf 60' lang='lat' dir='ltr'>maluisse,</span> <span class='ocrx_word' id='word_1_141' title='bbox 1206 1221 1322 1274; x_wconf 91' lang='lat' dir='ltr'>dein,</span> <span class='ocrx_word' id='word_1_142' title='bbox 1353 1236 1448 1262; x_wconf 91' lang='grc'>011111</span> <span class='ocrx_word' id='word_1_143' title='bbox 1474 1196 1516 1262; x_wconf 91' lang='lat' dir='ltr'>id</span> <span class='ocrx_word' id='word_1_144' title='bbox 1542 1236 1678 1276; x_wconf 91' lang='lat' dir='ltr'>neque</span> <span class='ocrx_word' id='word_1_145' title='bbox 1706 1233 1726 1264; x_wconf 82' lang='lat'><strong>6</strong></span> 
     </span>
     <span class='ocr_line' id='line_1_19' title="bbox 125 1280 1679 1335; baseline -0.001 -13"><span class='ocrx_word' id='word_1_146' title='bbox 125 1283 242 1323; x_wconf 86' lang='lat' dir='ltr'>terra</span> <span class='ocrx_word' id='word_1_147' title='bbox 266 1295 401 1335; x_wconf 88' lang='lat' dir='ltr'>neque</span> <span class='ocrx_word' id='word_1_148' title='bbox 426 1282 536 1322; x_wconf 89' lang='lat' dir='ltr'>mari</span> <span class='ocrx_word' id='word_1_149' title='bbox 561 1281 702 1323; x_wconf 89' lang='lat' dir='ltr'>omnia</span> <span class='ocrx_word' id='word_1_150' title='bbox 725 1283 922 1335; x_wconf 80' lang='lat' dir='ltr'>expertus</span> <span class='ocrx_word' id='word_1_151' title='bbox 948 1281 1176 1334; x_wconf 81' lang='lat' dir='ltr'>potuisset,</span> <span class='ocrx_word' id='word_1_152' title='bbox 1202 1282 1395 1322; x_wconf 86' lang='lat' dir='ltr'>auctores</span> <span class='ocrx_word' id='word_1_153' title='bbox 1421 1280 1679 1321; x_wconf 88' lang='lat' dir='ltr'>traditarum</span> 
     </span>
     <span class='ocr_line' id='line_1_20' title="bbox 127 1337 1679 1395; baseline -0.001 -13"><span class='ocrx_word' id='word_1_154' title='bbox 127 1339 432 1395; x_wconf 84' lang='lat' dir='ltr'>Syracusarum</span> <span class='ocrx_word' id='word_1_155' title='bbox 467 1340 637 1381; x_wconf 86' lang='lat' dir='ltr'>fabrum</span> <span class='ocrx_word' id='word_1_156' title='bbox 676 1340 886 1381; x_wconf 89' lang='lat' dir='ltr'>aerarium</span> <span class='ocrx_word' id='word_1_157' title='bbox 919 1337 1058 1381; x_wconf 88' lang='lat' dir='ltr'>Sosim</span> <span class='ocrx_word' id='word_1_158' title='bbox 1096 1342 1138 1380; x_wconf 89' lang='lat' dir='ltr'>et</span> <span class='ocrx_word' id='word_1_159' title='bbox 1169 1339 1405 1380; x_wconf 88' lang='lat' dir='ltr'>Moericum</span> <span class='ocrx_word' id='word_1_160' title='bbox 1436 1338 1679 1393; x_wconf 88' lang='lat' dir='ltr'>Hispanum</span> 
     </span>
     <span class='ocr_line' id='line_1_21' title="bbox 127 1397 1679 1454; baseline -0.001 -14"><span class='ocrx_word' id='word_1_161' title='bbox 127 1413 254 1454; x_wconf 91' lang='lat' dir='ltr'>quam</span> <span class='ocrx_word' id='word_1_162' title='bbox 290 1399 504 1453; x_wconf 88' lang='lat' dir='ltr'>principes</span> <span class='ocrx_word' id='word_1_163' title='bbox 537 1397 901 1453; x_wconf 89' lang='lat' dir='ltr'>Syracusanorum</span> <span class='ocrx_word' id='word_1_164' title='bbox 939 1398 1114 1450; x_wconf 87' lang='lat' dir='ltr'>habere,</span> <span class='ocrx_word' id='word_1_165' title='bbox 1151 1398 1309 1440; x_wconf 89' lang='lat' dir='ltr'>totiens</span> <span class='ocrx_word' id='word_1_166' title='bbox 1348 1398 1390 1439; x_wconf 95' lang='lat' dir='ltr'>id</span> <span class='ocrx_word' id='word_1_167' title='bbox 1420 1399 1679 1452; x_wconf 89' lang='lat' dir='ltr'>nequiquam</span> 
     </span>
     <span class='ocr_line' id='line_1_22' title="bbox 126 1456 1680 1511; baseline -0.001 -13"><span class='ocrx_word' id='word_1_168' title='bbox 126 1458 238 1499; x_wconf 90' lang='lat' dir='ltr'>ultro</span> <span class='ocrx_word' id='word_1_169' title='bbox 285 1458 526 1511; x_wconf 81' lang='lat' dir='ltr'>offerentes,</span> <span class='ocrx_word' id='word_1_170' title='bbox 568 1460 863 1511; x_wconf 86' lang='lat' dir='ltr'>praeoptasse,</span> <span class='ocrx_word' id='word_1_171' title='bbox 908 1471 991 1511; x_wconf 91' lang='lat' dir='ltr'>quo</span> <span class='ocrx_word' id='word_1_172' title='bbox 1037 1456 1199 1498; x_wconf 88' lang='lat' dir='ltr'>scilicet</span> <span class='ocrx_word' id='word_1_173' title='bbox 1242 1456 1419 1498; x_wconf 88' lang='lat' dir='ltr'>iustiore</span> <span class='ocrx_word' id='word_1_174' title='bbox 1461 1456 1510 1497; x_wconf 91' lang='lat' dir='ltr'>de</span> <span class='ocrx_word' id='word_1_175' title='bbox 1553 1471 1680 1498; x_wconf 90' lang='lat' dir='ltr'>causa</span> 
     </span>
     <span class='ocr_line' id='line_1_23' title="bbox 125 1515 1724 1571; baseline -0.001 -14"><span class='ocrx_word' id='word_1_176' title='bbox 125 1517 439 1558; x_wconf 86' lang='lat' dir='ltr'>vetustissimos</span> <span class='ocrx_word' id='word_1_177' title='bbox 473 1516 610 1558; x_wconf 91' lang='lat' dir='ltr'>socios</span> <span class='ocrx_word' id='word_1_178' title='bbox 642 1517 792 1571; x_wconf 89' lang='lat' dir='ltr'>populi</span> <span class='ocrx_word' id='word_1_179' title='bbox 822 1516 1007 1557; x_wconf 84' lang='lat' dir='ltr'>Romani</span> <span class='ocrx_word' id='word_1_180' title='bbox 1038 1515 1272 1557; x_wconf 88' lang='lat' dir='ltr'>trucidaret</span> <span class='ocrx_word' id='word_1_181' title='bbox 1303 1530 1352 1557; x_wconf 87' lang='lat' dir='ltr'>ac</span> <span class='ocrx_word' id='word_1_182' title='bbox 1383 1515 1596 1570; x_wconf 89' lang='lat' dir='ltr'>diriperet.</span> <span class='ocrx_word' id='word_1_183' title='bbox 1643 1515 1677 1556; x_wconf 92' lang='lat' dir='ltr'>si</span> <span class='ocrx_word' id='word_1_184' title='bbox 1706 1527 1724 1557; x_wconf 81' lang='grc'>7</span> 
     </span>
     <span class='ocr_line' id='line_1_24' title="bbox 124 1573 1678 1630; baseline -0.001 -14"><span class='ocrx_word' id='word_1_185' title='bbox 124 1589 211 1617; x_wconf 90' lang='grc'>11011</span> <span class='ocrx_word' id='word_1_186' title='bbox 242 1574 533 1630; x_wconf 60' lang='lat' dir='ltr'>Hieronymus</span> <span class='ocrx_word' id='word_1_187' title='bbox 566 1575 618 1616; x_wconf 91' lang='lat' dir='ltr'>ad</span> <span class='ocrx_word' id='word_1_188' title='bbox 643 1575 931 1617; x_wconf 88' lang='lat' dir='ltr'>Hannibalem</span> <span class='ocrx_word' id='word_1_189' title='bbox 964 1574 1205 1628; x_wconf 81' lang='lat' dir='ltr'>defecisset,</span> <span class='ocrx_word' id='word_1_190' title='bbox 1239 1575 1311 1616; x_wconf 89' lang='lat' dir='ltr'>sed</span> <span class='ocrx_word' id='word_1_191' title='bbox 1342 1575 1524 1628; x_wconf 89' lang='lat' dir='ltr'>populus</span> <span class='ocrx_word' id='word_1_192' title='bbox 1554 1573 1678 1628; x_wconf 87' lang='lat' dir='ltr'>Syra-</span> 
     </span>
     <span class='ocr_line' id='line_1_25' title="bbox 126 1631 1681 1688; baseline -0.001 -13"><span class='ocrx_word' id='word_1_193' title='bbox 126 1648 308 1676; x_wconf 86' lang='lat' dir='ltr'>cusanus</span> <span class='ocrx_word' id='word_1_194' title='bbox 342 1636 385 1675; x_wconf 90' lang='lat' dir='ltr'>et</span> <span class='ocrx_word' id='word_1_195' title='bbox 417 1636 609 1688; x_wconf 84' lang='lat' dir='ltr'>senatus,</span> <span class='ocrx_word' id='word_1_196' title='bbox 647 1635 682 1675; x_wconf 90' lang='lat' dir='ltr'>si</span> <span class='ocrx_word' id='word_1_197' title='bbox 720 1637 868 1688; x_wconf 86' lang='lat' dir='ltr'>portas</span> <span class='ocrx_word' id='word_1_198' title='bbox 900 1633 1105 1676; x_wconf 89' lang='lat' dir='ltr'>Marcello</span> <span class='ocrx_word' id='word_1_199' title='bbox 1139 1631 1398 1688; x_wconf 88' lang='lat' dir='ltr'>Syracusani</span> <span class='ocrx_word' id='word_1_200' title='bbox 1436 1633 1605 1687; x_wconf 86' lang='lat' dir='ltr'>publice</span> <span class='ocrx_word' id='word_1_201' title='bbox 1638 1635 1681 1674; x_wconf 89' lang='lat' dir='ltr'>et</span> 
     </span>
    </p>
   </div>
   <div class='ocr_carea' id='block_1_3' title="bbox 125 1761 870 2980">
    <p class='ocr_par' dir='ltr' id='par_1_4' title="bbox 125 1761 868 2126">
     <span class='ocr_line' id='line_1_26' title="bbox 174 1761 867 1806; baseline 0 -10"><span class='ocrx_word' id='word_1_202' title='bbox 174 1773 202 1796; x_wconf 92' lang='grc'>0.</span> <span class='ocrx_word' id='word_1_203' title='bbox 241 1761 301 1804; x_wconf 83' lang='lat'>30,</span> <span class='ocrx_word' id='word_1_204' title='bbox 342 1767 371 1797; x_wconf 93' lang='lat'>1.</span> <span class='ocrx_word' id='word_1_205' title='bbox 417 1761 457 1795; x_wconf 73' lang='lat' dir='ltr'>in</span> <span class='ocrx_word' id='word_1_206' title='bbox 492 1763 650 1806; x_wconf 65' lang='lat' dir='ltr'>qratiam</span> <span class='ocrx_word' id='word_1_207' title='bbox 680 1762 867 1806; x_wconf 74' lang='lat' dir='ltr'>publicam</span> 
     </span>
     <span class='ocr_line' id='line_1_27' title="bbox 127 1808 866 1854; baseline 0.001 -11"><span class='ocrx_word' id='word_1_208' title='bbox 127 1809 340 1854; x_wconf 73' lang='lat' dir='ltr'>avertentes]</span> <span class='ocrx_word' id='word_1_209' title='bbox 390 1808 527 1843; x_wconf 80' lang='lat' dir='ltr'>‘indem</span> <span class='ocrx_word' id='word_1_210' title='bbox 567 1809 617 1842; x_wconf 81' lang='lat' dir='ltr'>sie</span> <span class='ocrx_word' id='word_1_211' title='bbox 655 1809 714 1843; x_wconf 85' lang='lat' dir='ltr'>die</span> <span class='ocrx_word' id='word_1_212' title='bbox 749 1809 866 1844; x_wconf 87' lang='lat' dir='ltr'>Treue</span> 
     </span>
     <span class='ocr_line' id='line_1_28' title="bbox 127 1854 867 1901; baseline 0.001 -12"><span class='ocrx_word' id='word_1_213' title='bbox 127 1856 191 1890; x_wconf 88' lang='lat' dir='ltr'>des</span> <span class='ocrx_word' id='word_1_214' title='bbox 211 1855 351 1901; x_wconf 71' lang='lat' dir='ltr'>Konigs</span> <span class='ocrx_word' id='word_1_215' title='bbox 371 1868 414 1889; x_wconf 89' lang='lat' dir='ltr'>zu</span> <span class='ocrx_word' id='word_1_216' title='bbox 434 1854 599 1890; x_wconf 87' lang='lat' dir='ltr'>Gunsten</span> <span class='ocrx_word' id='word_1_217' title='bbox 619 1856 683 1890; x_wconf 86' lang='lat' dir='ltr'>der</span> <span class='ocrx_word' id='word_1_218' title='bbox 700 1855 867 1890; x_wconf 83' lang='lat' dir='ltr'>Gesamt-</span> 
     </span>
     <span class='ocr_line' id='line_1_29' title="bbox 126 1902 866 1947; baseline 0.003 -11"><span class='ocrx_word' id='word_1_219' title='bbox 126 1902 205 1937; x_wconf 90' lang='lat' dir='ltr'>heit</span> <span class='ocrx_word' id='word_1_220' title='bbox 231 1903 407 1947; x_wconf 85' lang='lat' dir='ltr'>auslegen</span> <span class='ocrx_word' id='word_1_221' title='bbox 431 1903 646 1938; x_wconf 87' lang='lat' dir='ltr'>wollten’.</span> <span class='ocrx_word' id='word_1_222' title='bbox 683 1906 802 1938; x_wconf 77' lang='lat' dir='ltr'>averto</span> <span class='ocrx_word' id='word_1_223' title='bbox 823 1920 866 1932; x_wconf 91' lang='lat'><strong><em>=</em></strong></span> 
     </span>
     <span class='ocr_line' id='line_1_30' title="bbox 125 1949 868 1994; baseline 0 -10"><span class='ocrx_word' id='word_1_224' title='bbox 125 1960 198 1984; x_wconf 88' lang='lat' dir='ltr'>von</span> <span class='ocrx_word' id='word_1_225' title='bbox 242 1950 325 1984; x_wconf 89' lang='lat' dir='ltr'>dem</span> <span class='ocrx_word' id='word_1_226' title='bbox 368 1949 465 1984; x_wconf 90' lang='lat' dir='ltr'>Ziele</span> <span class='ocrx_word' id='word_1_227' title='bbox 509 1960 591 1994; x_wconf 85' lang='lat' dir='ltr'>weg</span> <span class='ocrx_word' id='word_1_228' title='bbox 634 1950 729 1984; x_wconf 88' lang='lat' dir='ltr'>nach</span> <span class='ocrx_word' id='word_1_229' title='bbox 769 1950 868 1984; x_wconf 87' lang='lat' dir='ltr'>einer</span> 
     </span>
     <span class='ocr_line' id='line_1_31' title="bbox 127 1996 865 2042; baseline -0.001 -11"><span class='ocrx_word' id='word_1_230' title='bbox 127 1996 288 2031; x_wconf 87' lang='lat' dir='ltr'>anderen</span> <span class='ocrx_word' id='word_1_231' title='bbox 302 1996 490 2042; x_wconf 84' lang='lat' dir='ltr'>Richtung</span> <span class='ocrx_word' id='word_1_232' title='bbox 502 1997 650 2039; x_wconf 84' lang='lat' dir='ltr'>lenken,</span> <span class='ocrx_word' id='word_1_233' title='bbox 665 1997 865 2032; x_wconf 83' lang='lat' dir='ltr'>ablenken:</span> 
     </span>
     <span class='ocr_line' id='line_1_32' title="bbox 127 2043 867 2087; baseline 0 -9"><span class='ocrx_word' id='word_1_234' title='bbox 127 2043 191 2086; x_wconf 81' lang='grc'>24,</span> <span class='ocrx_word' id='word_1_235' title='bbox 231 2048 270 2087; x_wconf 84' lang='grc'>5,</span> <span class='ocrx_word' id='word_1_236' title='bbox 310 2048 352 2078; x_wconf 97' lang='grc'>12</span> <span class='ocrx_word' id='word_1_237' title='bbox 391 2045 521 2078; x_wconf 79' lang='lat' dir='ltr'>avertit</span> <span class='ocrx_word' id='word_1_238' title='bbox 559 2045 602 2078; x_wconf 86' lang='lat' dir='ltr'>ab</span> <span class='ocrx_word' id='word_1_239' title='bbox 641 2045 792 2078; x_wconf 68' lang='lat' dir='ltr'>consciis</span> <span class='ocrx_word' id='word_1_240' title='bbox 826 2045 867 2078; x_wconf 84' lang='lat' dir='ltr'>in</span> 
     </span>
     <span class='ocr_line' id='line_1_33' title="bbox 126 2091 495 2126; baseline 0 -1"><span class='ocrx_word' id='word_1_241' title='bbox 126 2092 283 2125; x_wconf 74' lang='lat' dir='ltr'>insontes</span> <span class='ocrx_word' id='word_1_242' title='bbox 307 2091 495 2126; x_wconf 70' lang='lat' dir='ltr'>iudicium.</span> 
     </span>
    </p>

    <p class='ocr_par' dir='ltr' id='par_1_5' title="bbox 125 2138 869 2651">
     <span class='ocr_line' id='line_1_34' title="bbox 175 2138 867 2184; baseline 0.001 -13"><span class='ocrx_word' id='word_1_243' title='bbox 175 2141 205 2173; x_wconf 87' lang='grc'>2.</span> <span class='ocrx_word' id='word_1_244' title='bbox 232 2148 311 2172; x_wconf 81' lang='lat' dir='ltr'>cum</span> <span class='ocrx_word' id='word_1_245' title='bbox 324 2139 366 2172; x_wconf 85' lang='lat' dir='ltr'>ob</span> <span class='ocrx_word' id='word_1_246' title='bbox 381 2139 458 2172; x_wconf 74' lang='lat' dir='ltr'>alia</span> <span class='ocrx_word' id='word_1_247' title='bbox 472 2158 514 2162; x_wconf 89' lang='lat'>—</span> <span class='ocrx_word' id='word_1_248' title='bbox 529 2141 605 2172; x_wconf 78' lang='lat' dir='ltr'>tam</span> <span class='ocrx_word' id='word_1_249' title='bbox 621 2138 784 2184; x_wconf 78' lang='lat' dir='ltr'>propter]</span> <span class='ocrx_word' id='word_1_250' title='bbox 803 2138 867 2173; x_wconf 90' lang='lat' dir='ltr'>der</span> 
     </span>
     <span class='ocr_line' id='line_1_35' title="bbox 125 2184 867 2227; baseline 0 -8"><span class='ocrx_word' id='word_1_251' title='bbox 125 2184 384 2227; x_wconf 84' lang='lat' dir='ltr'>Unterschied,</span> <span class='ocrx_word' id='word_1_252' title='bbox 419 2184 497 2219; x_wconf 83' lang='lat' dir='ltr'>dass</span> <span class='ocrx_word' id='word_1_253' title='bbox 524 2186 565 2220; x_wconf 89' lang='lat' dir='ltr'>ob</span> <span class='ocrx_word' id='word_1_254' title='bbox 594 2197 666 2220; x_wconf 90' lang='lat' dir='ltr'>von</span> <span class='ocrx_word' id='word_1_255' title='bbox 693 2184 867 2220; x_wconf 73' lang='lat' dir='ltr'>Griinden</span> 
     </span>
     <span class='ocr_line' id='line_1_36' title="bbox 125 2231 866 2277; baseline 0.001 -12"><span class='ocrx_word' id='word_1_256' title='bbox 125 2231 270 2267; x_wconf 75' lang='grc'>111110101-</span> <span class='ocrx_word' id='word_1_257' title='bbox 289 2232 367 2274; x_wconf 87' lang='lat' dir='ltr'>Art,</span> <span class='ocrx_word' id='word_1_258' title='bbox 392 2243 457 2267; x_wconf 87' lang='lat' dir='ltr'>aus</span> <span class='ocrx_word' id='word_1_259' title='bbox 478 2232 542 2267; x_wconf 86' lang='lat' dir='ltr'>der</span> <span class='ocrx_word' id='word_1_260' title='bbox 563 2232 772 2277; x_wconf 85' lang='lat' dir='ltr'>Stimmung</span> <span class='ocrx_word' id='word_1_261' title='bbox 791 2233 866 2266; x_wconf 91' lang='lat' dir='ltr'>und</span> 
     </span>
     <span class='ocr_line' id='line_1_37' title="bbox 128 2277 866 2323; baseline 0.003 -11"><span class='ocrx_word' id='word_1_262' title='bbox 128 2277 338 2323; x_wconf 85' lang='lat' dir='ltr'>Gesinnung</span> <span class='ocrx_word' id='word_1_263' title='bbox 357 2281 603 2323; x_wconf 88' lang='lat' dir='ltr'>entnommen,</span> <span class='ocrx_word' id='word_1_264' title='bbox 623 2283 774 2323; x_wconf 84' lang='lat' dir='ltr'>propter</span> <span class='ocrx_word' id='word_1_265' title='bbox 793 2291 866 2314; x_wconf 83' lang='lat' dir='ltr'>von</span> 
     </span>
     <span class='ocr_line' id='line_1_38' title="bbox 128 2324 867 2371; baseline 0.003 -13"><span class='ocrx_word' id='word_1_266' title='bbox 128 2324 288 2360; x_wconf 68' lang='lat' dir='ltr'>ausserer</span> <span class='ocrx_word' id='word_1_267' title='bbox 316 2326 592 2371; x_wconf 84' lang='lat' dir='ltr'>Veranlassung</span> <span class='ocrx_word' id='word_1_268' title='bbox 622 2327 743 2370; x_wconf 86' lang='lat' dir='ltr'>stehe,</span> <span class='ocrx_word' id='word_1_269' title='bbox 774 2327 867 2361; x_wconf 88' lang='lat' dir='ltr'>wird</span> 
     </span>
     <span class='ocr_line' id='line_1_39' title="bbox 128 2372 869 2408; baseline 0.004 -3"><span class='ocrx_word' id='word_1_270' title='bbox 128 2382 200 2406; x_wconf 85' lang='lat' dir='ltr'>von</span> <span class='ocrx_word' id='word_1_271' title='bbox 228 2372 308 2407; x_wconf 87' lang='lat' dir='ltr'>Liv.</span> <span class='ocrx_word' id='word_1_272' title='bbox 339 2373 444 2408; x_wconf 87' lang='lat' dir='ltr'>nicht</span> <span class='ocrx_word' id='word_1_273' title='bbox 475 2374 594 2408; x_wconf 85' lang='lat' dir='ltr'>selten</span> <span class='ocrx_word' id='word_1_274' title='bbox 625 2373 747 2408; x_wconf 84' lang='lat' dir='ltr'>ausser</span> <span class='ocrx_word' id='word_1_275' title='bbox 771 2373 869 2408; x_wconf 88' lang='lat' dir='ltr'>Acht</span> 
     </span>
     <span class='ocr_line' id='line_1_40' title="bbox 128 2419 867 2466; baseline 0.003 -13"><span class='ocrx_word' id='word_1_276' title='bbox 128 2419 305 2464; x_wconf 84' lang='lat' dir='ltr'>gelassen.</span> <span class='ocrx_word' id='word_1_277' title='bbox 346 2419 386 2463; x_wconf 87' lang='grc'>2,</span> <span class='ocrx_word' id='word_1_278' title='bbox 420 2424 478 2463; x_wconf 83' lang='grc'>17,</span> <span class='ocrx_word' id='word_1_279' title='bbox 512 2425 529 2454; x_wconf 77' lang='grc'>7</span> <span class='ocrx_word' id='word_1_280' title='bbox 563 2422 679 2466; x_wconf 71' lang='lat' dir='ltr'>mayis</span> <span class='ocrx_word' id='word_1_281' title='bbox 710 2421 752 2455; x_wconf 86' lang='lat' dir='ltr'>ob</span> <span class='ocrx_word' id='word_1_282' title='bbox 779 2422 867 2462; x_wconf 82' lang='lat' dir='ltr'>iras,</span> 
     </span>
     <span class='ocr_line' id='line_1_41' title="bbox 128 2466 866 2511; baseline 0.004 -11"><span class='ocrx_word' id='word_1_283' title='bbox 128 2477 235 2510; x_wconf 83' lang='lat' dir='ltr'>quam</span> <span class='ocrx_word' id='word_1_284' title='bbox 284 2466 325 2501; x_wconf 85' lang='lat' dir='ltr'>ob</span> <span class='ocrx_word' id='word_1_285' title='bbox 372 2468 658 2511; x_wconf 58' lang='lat' dir='ltr'>magnitudinem</span> <span class='ocrx_word' id='word_1_286' title='bbox 707 2468 789 2502; x_wconf 76' lang='lat' dir='ltr'>belh·</span> <span class='ocrx_word' id='word_1_287' title='bbox 824 2489 866 2492; x_wconf 97' lang='lat'><strong>—</strong></span> 
     </span>
     <span class='ocr_line' id='line_1_42' title="bbox 127 2514 868 2559; baseline 0.003 -12"><span class='ocrx_word' id='word_1_288' title='bbox 127 2514 409 2557; x_wconf 80' lang='lat' dir='ltr'>triumpharunt.</span> <span class='ocrx_word' id='word_1_289' title='bbox 441 2525 470 2548; x_wconf 93' lang='grc'>0.</span> <span class='ocrx_word' id='word_1_290' title='bbox 486 2518 541 2556; x_wconf 89' lang='grc'>23,</span> <span class='ocrx_word' id='word_1_291' title='bbox 563 2518 581 2547; x_wconf 90' lang='grc'>1</span> <span class='ocrx_word' id='word_1_292' title='bbox 596 2518 745 2559; x_wconf 85' lang='lat' dir='ltr'>propter</span> <span class='ocrx_word' id='word_1_293' title='bbox 758 2525 868 2549; x_wconf 79' lang='lat' dir='ltr'>neoeos</span> 
     </span>
     <span class='ocr_line' id='line_1_43' title="bbox 128 2560 868 2605; baseline 0.001 -11"><span class='ocrx_word' id='word_1_294' title='bbox 128 2560 170 2594; x_wconf 86' lang='lat' dir='ltr'>ob</span> <span class='ocrx_word' id='word_1_295' title='bbox 203 2571 262 2594; x_wconf 87' lang='lat' dir='ltr'>aes</span> <span class='ocrx_word' id='word_1_296' title='bbox 292 2561 459 2594; x_wconf 83' lang='lat' dir='ltr'>alienum.</span> <span class='ocrx_word' id='word_1_297' title='bbox 516 2560 599 2605; x_wconf 86' lang='lat' dir='ltr'>Vgl.</span> <span class='ocrx_word' id='word_1_298' title='bbox 627 2565 645 2603; x_wconf 67' lang='grc' dir='ltr'>ξ</span> <span class='ocrx_word' id='word_1_299' title='bbox 673 2566 692 2595; x_wconf 83' lang='grc'>2</span> <span class='ocrx_word' id='word_1_300' title='bbox 719 2562 760 2596; x_wconf 83' lang='lat' dir='ltr'>ob</span> <span class='ocrx_word' id='word_1_301' title='bbox 793 2573 868 2597; x_wconf 86' lang='lat' dir='ltr'>eam</span> 
     </span>
     <span class='ocr_line' id='line_1_44' title="bbox 129 2617 470 2651; baseline 0.003 -9"><span class='ocrx_word' id='word_1_302' title='bbox 129 2617 286 2651; x_wconf 81' lang='lat' dir='ltr'>causam,</span> <span class='ocrx_word' id='word_1_303' title='bbox 312 2619 345 2642; x_wconf 89' lang='lat' dir='ltr'>u.</span> <span class='ocrx_word' id='word_1_304' title='bbox 374 2620 399 2642; x_wconf 84' lang='lat' dir='ltr'>s.</span> <span class='ocrx_word' id='word_1_305' title='bbox 426 2619 470 2643; x_wconf 88' lang='lat' dir='ltr'>w.</span> 
     </span>
    </p>

    <p class='ocr_par' dir='ltr' id='par_1_6' title="bbox 129 2655 870 2793">
     <span class='ocr_line' id='line_1_45' title="bbox 135 2655 868 2700; baseline 0.001 -12"><span class='ocrx_word' id='word_1_306' title='bbox 135 2693 153 2700; x_wconf 90' lang='lat'>..</span> <span class='ocrx_word' id='word_1_307' title='bbox 170 2665 284 2698; x_wconf 89' lang='lat' dir='ltr'>prope</span> <span class='ocrx_word' id='word_1_308' title='bbox 298 2655 445 2698; x_wconf 79' lang='lat' dir='ltr'>publico</span> <span class='ocrx_word' id='word_1_309' title='bbox 460 2655 626 2699; x_wconf 69' lang='lat' dir='ltr'>consilio]</span> <span class='ocrx_word' id='word_1_310' title='bbox 642 2655 868 2689; x_wconf 86' lang='lat' dir='ltr'>rhetorische</span> 
     </span>
     <span class='ocr_line' id='line_1_46' title="bbox 129 2701 870 2746; baseline 0 -11"><span class='ocrx_word' id='word_1_311' title='bbox 129 2701 418 2746; x_wconf 80' lang='lat' dir='ltr'>Ubertreibung3</span> <span class='ocrx_word' id='word_1_312' title='bbox 445 2702 539 2736; x_wconf 87' lang='lat' dir='ltr'>doch</span> <span class='ocrx_word' id='word_1_313' title='bbox 565 2701 653 2736; x_wconf 85' lang='lat' dir='ltr'>fand</span> <span class='ocrx_word' id='word_1_314' title='bbox 671 2701 750 2736; x_wconf 86' lang='lat' dir='ltr'>ihre</span> <span class='ocrx_word' id='word_1_315' title='bbox 771 2702 870 2736; x_wconf 89' lang='lat' dir='ltr'>That</span> 
     </span>
     <span class='ocr_line' id='line_1_47' title="bbox 131 2748 797 2793; baseline 0 -11"><span class='ocrx_word' id='word_1_316' title='bbox 131 2748 354 2793; x_wconf 85' lang='lat' dir='ltr'>wenigstens</span> <span class='ocrx_word' id='word_1_317' title='bbox 381 2749 627 2793; x_wconf 86' lang='lat' dir='ltr'>allgemeinen</span> <span class='ocrx_word' id='word_1_318' title='bbox 652 2748 797 2783; x_wconf 82' lang='lat' dir='ltr'>Beifall.</span> 
     </span>
    </p>

    <p class='ocr_par' dir='ltr' id='par_1_7' title="bbox 131 2795 869 2980">
     <span class='ocr_line' id='line_1_48' title="bbox 177 2795 868 2841; baseline -0.001 -11"><span class='ocrx_word' id='word_1_319' title='bbox 177 2798 208 2830; x_wconf 90' lang='lat'>3.</span> <span class='ocrx_word' id='word_1_320' title='bbox 235 2806 335 2830; x_wconf 85' lang='lat' dir='ltr'>mora</span> <span class='ocrx_word' id='word_1_321' title='bbox 359 2796 560 2841; x_wconf 77' lang='lat' dir='ltr'>destitutos]</span> <span class='ocrx_word' id='word_1_322' title='bbox 592 2796 687 2830; x_wconf 84' lang='lat' dir='ltr'>nach</span> <span class='ocrx_word' id='word_1_323' title='bbox 713 2795 779 2838; x_wconf 79' lang='lat'>25,</span> <span class='ocrx_word' id='word_1_324' title='bbox 812 2799 868 2838; x_wconf 89' lang='grc'>23,</span> 
     </span>
     <span class='ocr_line' id='line_1_49' title="bbox 131 2842 868 2887; baseline 0.004 -13"><span class='ocrx_word' id='word_1_325' title='bbox 131 2845 150 2874; x_wconf 82' lang='lat'><strong>7</strong></span> <span class='ocrx_word' id='word_1_326' title='bbox 178 2842 323 2877; x_wconf 88' lang='lat' dir='ltr'>werden</span> <span class='ocrx_word' id='word_1_327' title='bbox 349 2843 401 2877; x_wconf 83' lang='lat' dir='ltr'>sie</span> <span class='ocrx_word' id='word_1_328' title='bbox 427 2843 542 2877; x_wconf 87' lang='lat' dir='ltr'>durch</span> <span class='ocrx_word' id='word_1_329' title='bbox 575 2842 680 2877; x_wconf 90' lang='lat' dir='ltr'>einen</span> <span class='ocrx_word' id='word_1_330' title='bbox 714 2842 868 2887; x_wconf 86' lang='lat' dir='ltr'>Syraku-</span> 
     </span>
     <span class='ocr_line' id='line_1_50' title="bbox 131 2889 869 2933; baseline 0.001 -11"><span class='ocrx_word' id='word_1_331' title='bbox 131 2899 236 2922; x_wconf 85' lang='lat' dir='ltr'>saner</span> <span class='ocrx_word' id='word_1_332' title='bbox 259 2892 446 2933; x_wconf 76' lang='lat' dir='ltr'>verrateu,</span> <span class='ocrx_word' id='word_1_333' title='bbox 472 2889 646 2924; x_wconf 76' lang='lat' dir='ltr'>w’ahrend</span> <span class='ocrx_word' id='word_1_334' title='bbox 677 2889 787 2924; x_wconf 85' lang='lat' dir='ltr'>Marc.</span> <span class='ocrx_word' id='word_1_335' title='bbox 810 2889 869 2924; x_wconf 87' lang='lat' dir='ltr'>die</span> 
     </span>
     <span class='ocr_line' id='line_1_51' title="bbox 132 2934 673 2980; baseline 0.004 -11"><span class='ocrx_word' id='word_1_336' title='bbox 132 2934 239 2969; x_wconf 80' lang='lat' dir='ltr'>Stadt</span> <span class='ocrx_word' id='word_1_337' title='bbox 265 2935 559 2980; x_wconf 85' lang='lat' dir='ltr'>eingeschlossen</span> <span class='ocrx_word' id='word_1_338' title='bbox 583 2937 673 2971; x_wconf 66' lang='lat' dir='ltr'>halt.</span> 
     </span>
    </p>
   </div>
   <div class='ocr_carea' id='block_1_4' title="bbox 939 1761 1680 1993">
    <p class='ocr_par' dir='ltr' id='par_1_8' title="bbox 939 1761 1680 1993">
     <span class='ocr_line' id='line_1_52' title="bbox 986 1761 1678 1807; baseline -0.001 -12"><span class='ocrx_word' id='word_1_339' title='bbox 986 1765 1016 1796; x_wconf 91' lang='lat'>4.</span> <span class='ocrx_word' id='word_1_340' title='bbox 1043 1761 1267 1807; x_wconf 76' lang='lat' dir='ltr'>tyrranidem</span> <span class='ocrx_word' id='word_1_341' title='bbox 1292 1761 1477 1806; x_wconf 78' lang='lat' dir='ltr'>excitasse]</span> <span class='ocrx_word' id='word_1_342' title='bbox 1505 1761 1608 1795; x_wconf 73' lang='lat' dir='ltr'>eoecit.</span> <span class='ocrx_word' id='word_1_343' title='bbox 1634 1777 1678 1789; x_wconf 82' lang='lat'>=</span> 
     </span>
     <span class='ocr_line' id='line_1_53' title="bbox 939 1807 1680 1850; baseline -0.003 -7"><span class='ocrx_word' id='word_1_344' title='bbox 939 1809 995 1843; x_wconf 88' lang='lat' dir='ltr'>ins</span> <span class='ocrx_word' id='word_1_345' title='bbox 1037 1808 1159 1843; x_wconf 87' lang='lat' dir='ltr'>Leben</span> <span class='ocrx_word' id='word_1_346' title='bbox 1202 1808 1324 1850; x_wconf 84' lang='lat' dir='ltr'>rufen3</span> <span class='ocrx_word' id='word_1_347' title='bbox 1368 1807 1566 1843; x_wconf 88' lang='lat' dir='ltr'>besonders</span> <span class='ocrx_word' id='word_1_348' title='bbox 1608 1818 1680 1842; x_wconf 89' lang='lat' dir='ltr'>von</span> 
     </span>
     <span class='ocr_line' id='line_1_54' title="bbox 939 1854 1679 1900; baseline -0.001 -11"><span class='ocrx_word' id='word_1_349' title='bbox 939 1855 1145 1900; x_wconf 87' lang='lat' dir='ltr'>unruhigen</span> <span class='ocrx_word' id='word_1_350' title='bbox 1192 1855 1267 1889; x_wconf 87' lang='lat' dir='ltr'>und</span> <span class='ocrx_word' id='word_1_351' title='bbox 1311 1854 1565 1900; x_wconf 73' lang='lat' dir='ltr'>gefahrlichen</span> <span class='ocrx_word' id='word_1_352' title='bbox 1611 1855 1679 1889; x_wconf 92' lang='lat' dir='ltr'>Zu-</span> 
     </span>
     <span class='ocr_line' id='line_1_55' title="bbox 940 1902 1677 1942; baseline 0 -6"><span class='ocrx_word' id='word_1_353' title='bbox 940 1903 1112 1937; x_wconf 76' lang='lat' dir='ltr'>st&#39;anden:</span> <span class='ocrx_word' id='word_1_354' title='bbox 1141 1903 1268 1937; x_wconf 81' lang='lat' dir='ltr'>bellum</span> <span class='ocrx_word' id='word_1_355' title='bbox 1295 1913 1324 1937; x_wconf 91' lang='grc'>0.</span> <span class='ocrx_word' id='word_1_356' title='bbox 1345 1906 1401 1942; x_wconf 85' lang='grc'>26,</span> <span class='ocrx_word' id='word_1_357' title='bbox 1431 1906 1471 1936; x_wconf 91' lang='grc'>11</span> <span class='ocrx_word' id='word_1_358' title='bbox 1492 1902 1677 1936; x_wconf 66' lang='lat' dir='ltr'>tumultus.</span> 
     </span>
     <span class='ocr_line' id='line_1_56' title="bbox 940 1949 1380 1993; baseline -0.002 -9"><span class='ocrx_word' id='word_1_359' title='bbox 940 1950 1000 1991; x_wconf 78' lang='grc'>32,</span> <span class='ocrx_word' id='word_1_360' title='bbox 1027 1953 1082 1992; x_wconf 88' lang='grc'>26,</span> <span class='ocrx_word' id='word_1_361' title='bbox 1108 1953 1139 1984; x_wconf 90' lang='grc'>4.</span> <span class='ocrx_word' id='word_1_362' title='bbox 1179 1949 1239 1991; x_wconf 79' lang='grc'>37,</span> <span class='ocrx_word' id='word_1_363' title='bbox 1265 1953 1322 1993; x_wconf 83' lang='grc'>35,</span> <span class='ocrx_word' id='word_1_364' title='bbox 1349 1953 1380 1983; x_wconf 88' lang='grc'>9.</span> 
     </span>
    </p>
   </div>
   <div class='ocr_carea' id='block_1_5' title="bbox 938 2007 1679 2298">
    <p class='ocr_par' dir='ltr' id='par_1_9' title="bbox 938 2007 1679 2090">
     <span class='ocr_line' id='line_1_57' title="bbox 988 2007 1679 2053; baseline -0.001 -10"><span class='ocrx_word' id='word_1_365' title='bbox 988 2012 1018 2043; x_wconf 85' lang='lat'>5.</span> <span class='ocrx_word' id='word_1_366' title='bbox 1035 2010 1162 2043; x_wconf 79' lang='lat' dir='ltr'>desisse</span> <span class='ocrx_word' id='word_1_367' title='bbox 1177 2029 1220 2033; x_wconf 96' lang='lat'><strong>—</strong></span> <span class='ocrx_word' id='word_1_368' title='bbox 1234 2008 1406 2053; x_wconf 75' lang='lat' dir='ltr'>transire]</span> <span class='ocrx_word' id='word_1_369' title='bbox 1422 2008 1473 2041; x_wconf 88' lang='lat' dir='ltr'>im</span> <span class='ocrx_word' id='word_1_370' title='bbox 1487 2011 1542 2043; x_wconf 82' lang='lat'>25.</span> <span class='ocrx_word' id='word_1_371' title='bbox 1555 2007 1679 2042; x_wconf 84' lang='lat' dir='ltr'>Buche</span> 
     </span>
     <span class='ocr_line' id='line_1_58' title="bbox 938 2055 1483 2090; baseline -0.002 0"><span class='ocrx_word' id='word_1_372' title='bbox 938 2055 988 2090; x_wconf 88' lang='lat' dir='ltr'>ist</span> <span class='ocrx_word' id='word_1_373' title='bbox 1013 2055 1133 2090; x_wconf 85' lang='lat' dir='ltr'>davon</span> <span class='ocrx_word' id='word_1_374' title='bbox 1159 2055 1279 2090; x_wconf 87' lang='lat' dir='ltr'>nichts</span> <span class='ocrx_word' id='word_1_375' title='bbox 1306 2056 1483 2090; x_wconf 73' lang='lat' dir='ltr'>erwahnt.</span> 
     </span>
    </p>

    <p class='ocr_par' dir='ltr' id='par_1_10' title="bbox 938 2113 1679 2298">
     <span class='ocr_line' id='line_1_59' title="bbox 985 2113 1679 2160; baseline -0.003 -11"><span class='ocrx_word' id='word_1_376' title='bbox 985 2114 1103 2160; x_wconf 82' lang='lat' dir='ltr'>faber]</span> <span class='ocrx_word' id='word_1_377' title='bbox 1118 2114 1333 2149; x_wconf 87' lang='lat' dir='ltr'>bezeichnet</span> <span class='ocrx_word' id='word_1_378' title='bbox 1342 2113 1594 2148; x_wconf 84' lang='lat' dir='ltr'>Handwerker</span> <span class='ocrx_word' id='word_1_379' title='bbox 1604 2113 1679 2148; x_wconf 89' lang='lat' dir='ltr'>und</span> 
     </span>
     <span class='ocr_line' id='line_1_60' title="bbox 938 2161 1678 2204; baseline -0.001 -8"><span class='ocrx_word' id='word_1_380' title='bbox 938 2161 1209 2196; x_wconf 87' lang='lat' dir='ltr'>Handarbeiter</span> <span class='ocrx_word' id='word_1_381' title='bbox 1234 2161 1326 2196; x_wconf 88' lang='lat' dir='ltr'>aller</span> <span class='ocrx_word' id='word_1_382' title='bbox 1350 2162 1428 2204; x_wconf 86' lang='lat' dir='ltr'>Art,</span> <span class='ocrx_word' id='word_1_383' title='bbox 1458 2173 1485 2195; x_wconf 89' lang='grc'>0.</span> <span class='ocrx_word' id='word_1_384' title='bbox 1514 2165 1570 2203; x_wconf 88' lang='grc'>51,</span> <span class='ocrx_word' id='word_1_385' title='bbox 1598 2165 1616 2195; x_wconf 83' lang='lat'><strong>7</strong></span> <span class='ocrx_word' id='word_1_386' title='bbox 1643 2173 1678 2195; x_wconf 87' lang='lat' dir='ltr'>u.</span> 
     </span>
     <span class='ocr_line' id='line_1_61' title="bbox 939 2207 1678 2253; baseline -0.003 -9"><span class='ocrx_word' id='word_1_387' title='bbox 939 2213 960 2244; x_wconf 90' lang='lat'>8</span> <span class='ocrx_word' id='word_1_388' title='bbox 985 2209 1085 2252; x_wconf 78' lang='lat' dir='ltr'>fabri</span> <span class='ocrx_word' id='word_1_389' title='bbox 1110 2209 1269 2243; x_wconf 74' lang='lat' dir='ltr'>omnium</span> <span class='ocrx_word' id='word_1_390' title='bbox 1287 2219 1465 2253; x_wconf 77' lang='lat' dir='ltr'>yeneram.</span> <span class='ocrx_word' id='word_1_391' title='bbox 1492 2207 1552 2251; x_wconf 86' lang='grc'>28,</span> <span class='ocrx_word' id='word_1_392' title='bbox 1578 2211 1609 2252; x_wconf 90' lang='lat'>8,</span> <span class='ocrx_word' id='word_1_393' title='bbox 1636 2212 1678 2242; x_wconf 89' lang='lat'>13</span> 
     </span>
     <span class='ocr_line' id='line_1_62' title="bbox 938 2255 1583 2298; baseline -0.003 -8"><span class='ocrx_word' id='word_1_394' title='bbox 938 2255 1086 2290; x_wconf 87' lang='lat' dir='ltr'>werden</span> <span class='ocrx_word' id='word_1_395' title='bbox 1110 2256 1210 2298; x_wconf 75' lang='lat' dir='ltr'>fabri</span> <span class='ocrx_word' id='word_1_396' title='bbox 1234 2256 1381 2290; x_wconf 83' lang='lat' dir='ltr'>navales</span> <span class='ocrx_word' id='word_1_397' title='bbox 1407 2255 1583 2289; x_wconf 80' lang='lat' dir='ltr'>erw‘ahnt.</span> 
     </span>
    </p>
   </div>
   <div class='ocr_carea' id='block_1_6' title="bbox 939 2313 1681 2734">
    <p class='ocr_par' dir='ltr' id='par_1_11' title="bbox 939 2313 1681 2734">
     <span class='ocr_line' id='line_1_63' title="bbox 981 2313 1680 2360; baseline -0.001 -11"><span class='ocrx_word' id='word_1_398' title='bbox 981 2314 1229 2360; x_wconf 79' lang='lat' dir='ltr'>praeoptasse]</span> <span class='ocrx_word' id='word_1_399' title='bbox 1250 2314 1363 2349; x_wconf 84' lang='lat' dir='ltr'>sehon</span> <span class='ocrx_word' id='word_1_400' title='bbox 1381 2313 1420 2348; x_wconf 89' lang='lat' dir='ltr'>in</span> <span class='ocrx_word' id='word_1_401' title='bbox 1435 2314 1587 2348; x_wconf 76' lang='lat' dir='ltr'>&#39;altester</span> <span class='ocrx_word' id='word_1_402' title='bbox 1600 2314 1680 2348; x_wconf 89' lang='lat' dir='ltr'>Zeit</span> 
     </span>
     <span class='ocr_line' id='line_1_64' title="bbox 940 2361 1678 2396; baseline -0.003 0"><span class='ocrx_word' id='word_1_403' title='bbox 940 2362 1080 2396; x_wconf 90' lang='lat' dir='ltr'>sowohl</span> <span class='ocrx_word' id='word_1_404' title='bbox 1116 2361 1185 2396; x_wconf 80' lang='lat' dir='ltr'>mit</span> <span class='ocrx_word' id='word_1_405' title='bbox 1221 2365 1262 2396; x_wconf 77' lang='lat' dir='ltr'>ut</span> <span class='ocrx_word' id='word_1_406' title='bbox 1299 2361 1354 2395; x_wconf 90' lang='lat' dir='ltr'>als</span> <span class='ocrx_word' id='word_1_407' title='bbox 1386 2361 1469 2395; x_wconf 92' lang='lat' dir='ltr'>dem</span> <span class='ocrx_word' id='word_1_408' title='bbox 1500 2361 1566 2395; x_wconf 87' lang='lat' dir='ltr'>Inf.</span> <span class='ocrx_word' id='word_1_409' title='bbox 1601 2372 1678 2395; x_wconf 89' lang='lat' dir='ltr'>ver-</span> 
     </span>
     <span class='ocr_line' id='line_1_65' title="bbox 941 2408 1680 2449; baseline 0 -7"><span class='ocrx_word' id='word_1_410' title='bbox 941 2409 1105 2449; x_wconf 72' lang='lat' dir='ltr'>bunden,</span> <span class='ocrx_word' id='word_1_411' title='bbox 1131 2409 1197 2444; x_wconf 88' lang='lat' dir='ltr'>hat</span> <span class='ocrx_word' id='word_1_412' title='bbox 1223 2408 1282 2443; x_wconf 88' lang='lat' dir='ltr'>bei</span> <span class='ocrx_word' id='word_1_413' title='bbox 1304 2408 1382 2442; x_wconf 85' lang='lat' dir='ltr'>Liv.</span> <span class='ocrx_word' id='word_1_414' title='bbox 1410 2420 1478 2442; x_wconf 88' lang='lat' dir='ltr'>nur</span> <span class='ocrx_word' id='word_1_415' title='bbox 1503 2408 1582 2442; x_wconf 89' lang='lat' dir='ltr'>hier</span> <span class='ocrx_word' id='word_1_416' title='bbox 1608 2408 1680 2443; x_wconf 89' lang='lat' dir='ltr'>den</span> 
     </span>
     <span class='ocr_line' id='line_1_66' title="bbox 940 2454 1681 2499; baseline 0 -10"><span class='ocrx_word' id='word_1_417' title='bbox 940 2455 1100 2491; x_wconf 87' lang='lat' dir='ltr'>Infinitiv</span> <span class='ocrx_word' id='word_1_418' title='bbox 1134 2456 1244 2499; x_wconf 87' lang='lat' dir='ltr'>(auch</span> <span class='ocrx_word' id='word_1_419' title='bbox 1281 2455 1342 2490; x_wconf 90' lang='lat' dir='ltr'>bei</span> <span class='ocrx_word' id='word_1_420' title='bbox 1375 2454 1540 2499; x_wconf 87' lang='lat' dir='ltr'>Caesar),</span> <span class='ocrx_word' id='word_1_421' title='bbox 1579 2457 1681 2490; x_wconf 88' lang='lat' dir='ltr'>sonst</span> 
     </span>
     <span class='ocr_line' id='line_1_67' title="bbox 940 2501 1679 2547; baseline -0.003 -10"><span class='ocrx_word' id='word_1_422' title='bbox 940 2504 1054 2538; x_wconf 73' lang='lat' dir='ltr'>alicui</span> <span class='ocrx_word' id='word_1_423' title='bbox 1079 2503 1221 2547; x_wconf 78' lang='lat' dir='ltr'>aliquid</span> <span class='ocrx_word' id='word_1_424' title='bbox 1246 2506 1473 2547; x_wconf 84' lang='lat' dir='ltr'>praeoptare.</span> <span class='ocrx_word' id='word_1_425' title='bbox 1524 2501 1590 2545; x_wconf 79' lang='grc'>23,</span> <span class='ocrx_word' id='word_1_426' title='bbox 1623 2505 1679 2545; x_wconf 82' lang='grc'>43,</span> 
     </span>
     <span class='ocr_line' id='line_1_68' title="bbox 942 2549 1680 2590; baseline -0.001 -6"><span class='ocrx_word' id='word_1_427' title='bbox 942 2554 982 2584; x_wconf 88' lang='grc'>11</span> <span class='ocrx_word' id='word_1_428' title='bbox 1025 2550 1208 2584; x_wconf 72' lang='lat' dir='ltr'>Punicam</span> <span class='ocrx_word' id='word_1_429' title='bbox 1239 2549 1425 2585; x_wconf 85' lang='lat' dir='ltr'>Romanae</span> <span class='ocrx_word' id='word_1_430' title='bbox 1461 2550 1680 2590; x_wconf 78' lang='lat' dir='ltr'>societatem,-</span> 
     </span>
     <span class='ocr_line' id='line_1_69' title="bbox 939 2596 1678 2640; baseline -0.001 -9"><span class='ocrx_word' id='word_1_431' title='bbox 939 2597 1016 2631; x_wconf 89' lang='lat' dir='ltr'>und</span> <span class='ocrx_word' id='word_1_432' title='bbox 1057 2599 1149 2632; x_wconf 82' lang='lat' dir='ltr'>statt</span> <span class='ocrx_word' id='word_1_433' title='bbox 1189 2597 1252 2632; x_wconf 89' lang='lat' dir='ltr'>des</span> <span class='ocrx_word' id='word_1_434' title='bbox 1296 2596 1424 2632; x_wconf 88' lang='lat' dir='ltr'>Dativ:</span> <span class='ocrx_word' id='word_1_435' title='bbox 1466 2596 1532 2640; x_wconf 85' lang='grc'>28,</span> <span class='ocrx_word' id='word_1_436' title='bbox 1565 2600 1626 2638; x_wconf 89' lang='grc'>21,</span> <span class='ocrx_word' id='word_1_437' title='bbox 1660 2601 1678 2630; x_wconf 86' lang='grc'><strong>9</strong></span> 
     </span>
     <span class='ocr_line' id='line_1_70' title="bbox 941 2643 1681 2689; baseline 0 -12"><span class='ocrx_word' id='word_1_438' title='bbox 941 2647 1084 2678; x_wconf 85' lang='lat' dir='ltr'>mortem</span> <span class='ocrx_word' id='word_1_439' title='bbox 1116 2655 1224 2689; x_wconf 77' lang='lat' dir='ltr'>quam</span> <span class='ocrx_word' id='word_1_440' title='bbox 1250 2671 1434 2680; x_wconf 91' lang='grc'>......</span> <span class='ocrx_word' id='word_1_441' title='bbox 1461 2647 1502 2677; x_wconf 79' lang='lat' dir='ltr'>ut</span> <span class='ocrx_word' id='word_1_442' title='bbox 1530 2643 1681 2687; x_wconf 75' lang='lat' dir='ltr'>imperio</span> 
     </span>
     <span class='ocr_line' id='line_1_71' title="bbox 940 2691 1457 2734; baseline 0 -10"><span class='ocrx_word' id='word_1_443' title='bbox 940 2691 1171 2733; x_wconf 80' lang='lat' dir='ltr'>subiceretur,</span> <span class='ocrx_word' id='word_1_444' title='bbox 1191 2693 1457 2734; x_wconf 87' lang='lat' dir='ltr'>praeoptantes.</span> 
     </span>
    </p>
   </div>
   <div class='ocr_carea' id='block_1_7' title="bbox 941 2748 1679 2877">
    <p class='ocr_par' dir='ltr' id='par_1_12' title="bbox 941 2748 1679 2877">
     <span class='ocr_line' id='line_1_72' title="bbox 990 2748 1679 2793; baseline 0 -11"><span class='ocrx_word' id='word_1_445' title='bbox 990 2752 1020 2782; x_wconf 82' lang='grc'>7.</span> <span class='ocrx_word' id='word_1_446' title='bbox 1042 2749 1202 2793; x_wconf 80' lang='lat' dir='ltr'>populus</span> <span class='ocrx_word' id='word_1_447' title='bbox 1234 2748 1489 2793; x_wconf 76' lang='lat' dir='ltr'>Syracusanus</span> <span class='ocrx_word' id='word_1_448' title='bbox 1519 2751 1551 2782; x_wconf 89' lang='lat' dir='ltr'>et</span> <span class='ocrx_word' id='word_1_449' title='bbox 1577 2758 1679 2782; x_wconf 84' lang='lat' dir='ltr'>sena-</span> 
     </span>
     <span class='ocr_line' id='line_1_73' title="bbox 941 2794 1679 2840; baseline -0.003 -10"><span class='ocrx_word' id='word_1_450' title='bbox 941 2795 1013 2840; x_wconf 73' lang='lat' dir='ltr'>tus]</span> <span class='ocrx_word' id='word_1_451' title='bbox 1054 2794 1113 2830; x_wconf 88' lang='lat' dir='ltr'>die</span> <span class='ocrx_word' id='word_1_452' title='bbox 1144 2795 1416 2840; x_wconf 82' lang='lat' dir='ltr'>Wortstellung</span> <span class='ocrx_word' id='word_1_453' title='bbox 1441 2794 1576 2829; x_wconf 90' lang='lat' dir='ltr'>weicht</span> <span class='ocrx_word' id='word_1_454' title='bbox 1607 2805 1679 2829; x_wconf 83' lang='lat' dir='ltr'>von</span> 
     </span>
     <span class='ocr_line' id='line_1_74' title="bbox 942 2841 1679 2877; baseline 0 -1"><span class='ocrx_word' id='word_1_455' title='bbox 942 2842 1005 2876; x_wconf 88' lang='lat' dir='ltr'>der</span> <span class='ocrx_word' id='word_1_456' title='bbox 1029 2841 1081 2876; x_wconf 91' lang='lat' dir='ltr'>im</span> <span class='ocrx_word' id='word_1_457' title='bbox 1106 2842 1314 2877; x_wconf 72' lang='lat' dir='ltr'>romischen</span> <span class='ocrx_word' id='word_1_458' title='bbox 1335 2841 1524 2876; x_wconf 86' lang='lat' dir='ltr'>Curialstil</span> <span class='ocrx_word' id='word_1_459' title='bbox 1544 2844 1679 2876; x_wconf 88' lang='lat' dir='ltr'>stereo-</span> 
     </span>
    </p>
   </div>
   <div class='ocr_carea' id='block_1_8' title="bbox 940 2887 1679 2980">
    <p class='ocr_par' dir='ltr' id='par_1_13' title="bbox 940 2887 1679 2980">
     <span class='ocr_line' id='line_1_75' title="bbox 940 2887 1679 2980; baseline -0.003 -9"><span class='ocrx_word' id='word_1_460' title='bbox 940 2893 1064 2971; x_wconf 32' lang='lat' dir='ltr'>{alaz</span> <span class='ocrx_word' id='word_1_461' title='bbox 1086 2887 1679 2980; x_wconf 44' lang='lat' dir='ltr'>{mg-m?.all}.F?g}gta(ggdSan}{:</span> 
     </span>
    </p>
   </div>
  </div>
 </body>
</html>
