2000 3338
135 189 161 207 a.
179 180 247 207 Chr.
266 189 294 207 n.
315 181 376 206 211.

135 279 222 320 16111
251 292 438 332 possum.
468 291 557 319 non
587 278 738 321 videbo
771 278 850 333 Ap.
876 277 1099 321 Claudium
1131 282 1174 321 et
1207 279 1254 329 Q.
1273 279 1470 322 Fulvium
1501 280 1680 322 victoria
1709 291 1749 322 15

623 171 767 206 LIBER
791 171 921 207 XXVI.
973 170 1073 207 CAP.
1102 176 1156 206 13.
1185 175 1237 206 14.
1625 172 1679 214 29

135 336 339 380 insolenti
365 336 582 392 subnixos,
605 352 740 393 neque
760 337 927 380 vinctus
948 353 1023 392 per
1041 338 1189 380 urbem
1209 338 1450 380 Romanam
1474 339 1681 393 triumphi

135 395 425 450 spectaculum
443 395 604 450 trahar,
623 399 672 437 ut
692 395 841 438 deinde
855 397 900 438 in
914 394 1140 451 earcere(m
1159 397 1327 453 condar)
1343 400 1417 439 aut
1430 395 1520 453 (ad)
1536 397 1680 452 palum

134 453 349 508 deligatus
385 454 571 497 lacerato
602 455 735 510 virgis
775 458 899 510 tergo
930 455 1135 497 cervicem
1167 456 1302 497 securi
1333 456 1551 498 Romanae
1583 457 1680 498 sub-

132 513 277 566 iciam,
307 527 385 554 nee
403 513 513 554 dirui
538 513 787 568 incendique
805 513 991 567 patriam
1011 513 1175 566 videbo,
1205 528 1281 555 nee
1300 514 1394 568 rapi
1414 515 1467 555 ad
1487 517 1680 569 stuprum

133 573 293 612 matres
313 570 552 626 Campanas
572 572 844 626 virginesque
870 573 913 612 et
937 572 1146 625 ingenuos
1172 586 1337 624 pueros.
1380 572 1550 627 Albam,
1569 573 1678 615 unde
1706 584 1748 616 16

132 630 218 683 ipsi
243 630 410 671 oriundi
435 633 567 684 erant,
593 645 618 671 a
641 629 929 670 fundamentis
956 632 1225 683 proruerunt,
1254 644 1307 670 ne
1334 630 1492 685 stirpis,
1516 646 1568 672 ne
1595 647 1678 673 me-

132 688 270 730 moria
300 689 515 744 originum
547 703 719 729 suarum
751 690 952 728 exstaret:
983 687 1139 729 nedum
1171 702 1242 728 eos
1275 687 1445 742 Capuae
1477 704 1679 743 parsuros

132 747 318 802 credam,
357 748 422 789 cui
453 746 692 788 infestiores
732 760 859 800 quam
892 745 1144 800 Carthagini
1176 749 1287 789 sunt.

131 809 321 848 vestrum
353 808 449 846 ante
487 805 577 846 fato
610 804 773 856 cedere,
805 819 932 859 quam
962 805 1065 846 haee
1097 807 1164 846 tot
1188 808 1277 846 tam
1309 806 1461 847 acerba
1492 806 1677 861 videant,

132 864 180 905 in
211 865 350 906 animo
383 866 458 917 est,
489 863 541 904 iis
573 863 684 918 apud
715 878 782 904 me
814 863 940 905 hodie
972 864 1123 918 epulae
1154 863 1387 906 instructae
1419 868 1677 920 parataeque

131 924 243 965 sunt.

304 921 473 963 satiatis
510 922 608 963 vino
649 922 829 976 ciboque
860 923 1059 976 poculum
1091 922 1219 976 idem,
1252 923 1363 977 quod
1395 924 1500 964 mihi
1531 924 1678 966 datum
1706 937 1747 967 18

130 980 277 1034 fuerit,
316 980 651 1022 circumferetur:
695 995 745 1022 ea
781 982 901 1036 potio
939 996 1092 1035 corpus
1131 996 1155 1022 a
1186 981 1394 1036 cruciatu,
1433 983 1620 1024 animum
1653 999 1677 1024 a

131 1039 425 1093 contumeliis,
478 1039 623 1082 oeulos
668 1054 790 1081 aures
829 1055 854 1081 a
897 1040 1088 1082 videndis
1133 1039 1434 1094 audiendisque
1479 1042 1676 1083 omnibus

130 1098 294 1140 acerbis
331 1098 618 1153 indignisque,
667 1113 772 1153 quae
816 1102 994 1145 manent
1030 1099 1184 1152 victos,
1226 1099 1469 1140 vindicabit.

1535 1101 1677 1155 parati

129 1159 254 1199 erunt
292 1157 364 1211 qui
401 1171 558 1212 magno
595 1171 701 1212 rogo
740 1158 784 1198 in
820 1158 1046 1212 propatulo
1086 1158 1251 1199 aedium
1284 1172 1461 1200 accenso
1500 1173 1677 1214 corpora

131 1215 329 1258 exanima
360 1216 550 1258 iniciant.

129 1276 228 1316 tem.

130 1333 272 1375 socios
304 1333 410 1375 sciet
441 1334 495 1375 ab
527 1348 571 1375 se
603 1333 793 1375 desertos
820 1348 867 1375 ac
894 1334 1087 1388 proditos
1109 1333 1235 1376 esse“.

611 1216 715 1257 haec
746 1231 831 1257 una
862 1217 931 1258 via
964 1220 1006 1258 et
1036 1216 1219 1258 honesta
1250 1219 1292 1258 et
1322 1217 1459 1258 libera
1491 1218 1542 1259 ad
1568 1233 1678 1260 mor·
1707 1230 1747 1261 19

289 1276 332 1316 et
368 1275 450 1329 ipsi
481 1275 683 1317 virtutem
714 1275 982 1317 mirabuntur
1012 1275 1177 1330 hosteS,
1215 1278 1256 1317 et
1287 1275 1507 1317 Hannibal
1538 1276 1671 1319 fortes

1296 1334 1419 1376 Hane
1441 1336 1677 1377 orationem
1696 1338 1748 1379 14

128 1391 264 1434 Virrii
288 1393 428 1446 plures
455 1407 550 1433 cum
576 1392 757 1434 adsensu
783 1393 1018 1447 audierunt,
1038 1408 1165 1448 quam
1191 1393 1293 1434 forti
1320 1394 1461 1435 animo
1486 1394 1541 1447 id,
1567 1395 1678 1449 quod

129 1450 384 1506 probabant,
410 1451 581 1505 exsequi
605 1454 853 1505 potuerunt:
886 1453 1022 1494 maior
1046 1467 1145 1506 pars
1173 1455 1359 1507 senatus,
1385 1452 1532 1494 multis
1553 1468 1676 1508 saepe
1703 1466 1724 1497 2

129 1577 158 1601 c.
185 1570 241 1611 42,
269 1570 289 1601 8
316 1567 360 1601 ab
380 1567 544 1602 omnibus
569 1568 681 1602 ventis
708 1571 867 1612 praeter·

127 1625 236 1659 quam
261 1614 391 1657 Africo
416 1617 526 1649 tutus.
552 1613 612 1657 21,
640 1619 671 1657 8,
701 1619 754 1650 10.

160 1665 213 1695 15.
223 1661 265 1695 iri
278 1671 450 1696 carcerem
464 1661 615 1707 condar]
626 1661 866 1697 Gewohnlieh

127 1708 280 1743 wurden
305 1708 364 1743 die
384 1708 436 1743 im
457 1708 636 1753 Triumph
657 1709 866 1754 aufgeftihr-

126 1756 191 1790 ten
217 1754 453 1800 Gefangenen
485 1755 524 1790 in
555 1756 625 1790 den
659 1767 780 1790 career
804 1768 866 1801 ge-

127 1801 268 1837 stossen
291 1802 367 1836 und
392 1803 476 1838 dort
500 1802 714 1847 erdrosselt,
741 1814 865 1838 woran

127 1860 172 1882 zu
214 1849 384 1884 erinnern
427 1849 485 1883 die
523 1848 758 1895 Erwahnung
802 1851 865 1885 des

127 1906 249 1931 carcer
267 1898 441 1941 gensigte.
464 1897 537 1941 vgl.
553 1896 613 1939 38,
630 1901 685 1939 59,
702 1901 744 1931 10
764 1901 804 1932 ut
826 1899 866 1932 in

126 1953 267 1978 carcere
282 1969 394 1979 ......
407 1943 621 1978 includatur
633 1947 665 1978 et
683 1945 723 1978 in
743 1945 867 1980 robore

127 1994 160 2026 et
191 1991 343 2026 tenebris
373 1991 544 2035 exspiret,
588 1991 715 2026 deinde
745 1992 867 2027 ozudus

127 2040 212 2072 ante
237 2048 410 2072 carcerem
429 2038 648 2082 proiciatur.

175 2084 224 2119 ad
234 2085 360 2128 palum
373 2085 565 2130 deligatus]
581 2084 639 2119 die
653 2085 790 2129 zweite,
806 2085 867 2120 be-

126 2131 325 2166 kannteste
351 2131 676 2176 Hinrichtungsart
706 2132 770 2167 der
794 2133 864 2167 Ro-

125 2189 221 2221 mer,
264 2178 330 2214 der
364 2189 438 2213 mos
472 2180 617 2223 patrius
655 2179 717 2214 des
753 2180 865 2224 vimis

125 2226 269 2260 caedere
281 2225 356 2260 und
364 2227 480 2261 securi
487 2230 672 2270 pereutere
680 2226 736 2262 od.
746 2226 862 2269 ferire.

173 2272 354 2318 cervicem]
381 2273 441 2308 bei
467 2273 594 2308 Cicero
624 2273 700 2307 und
730 2274 769 2308 in
800 2274 865 2308 der

126 2319 297 2354 besseren
327 2319 510 2355 Latinitat
540 2320 654 2355 findet
685 2321 763 2355 sich
794 2331 863 2355 cer-

125 2367 190 2401 via:
225 2378 294 2400 nur
329 2367 380 2401 im
411 2367 552 2410 Plural3
590 2367 651 2402 bei
682 2367 759 2403 Liv.
791 2368 865 2403 fast

127 2414 219 2448 stete
244 2413 295 2448 im
321 2413 502 2458 Singular.

175 2463 230 2495 16.
275 2471 298 2494 a
345 2461 591 2503 fundamentis
629 2462 748 2508 pror]
792 2473 865 2497 von

128 2506 256 2542 Grund
280 2518 345 2542 aus
369 2508 588 2542 umstfirzen.
621 2508 700 2544 Liv.
720 2509 865 2544 wendet

127 2554 368 2598 fundamenta
406 2556 496 2589 stets
538 2555 588 2588 im
632 2555 757 2590 Plural
800 2567 863 2599 an3

125 2601 298 2636 ‘ahnliehe
341 2601 537 2646 Wendung
579 2599 644 2645 34,
684 2606 722 2645 2,
759 2606 779 2637 3
818 2603 862 2638 ab

125 2649 237 2692 stirpe
261 2648 380 2683 tollere
404 2649 487 2693 aliq.

173 2695 315 2741 stirpis]
342 2696 428 2730 Alte
453 2695 765 2731 Nominativform
794 2695 863 2730 wie

122 2742 253 2786 plebis,
278 2743 369 2787 opis,
394 2743 510 2787 stipis.

124 2834 150 2870 3
168 2789 359 2835 parswros]
391 2789 452 2825 bei
477 2789 555 2825 Liv.
587 2802 655 2825 nur
686 2789 766 2825 hier
790 2789 865 2824 und

153 2835 187 2879 ὃ,
211 2839 268 2881 44,
294 2841 326 2871 6.

177 2887 230 2918 18.
251 2884 410 2929 satiatis]
431 2888 498 2919 sat.
517 2896 588 2919 nur
607 2885 773 2920 zweimal
793 2896 864 2921 von

127 2928 385 2974 korperlichen
393 2930 688 2978 Empfindungen
697 2932 756 2968 bei
772 2932 862 2976 Liv„

939 1568 1020 1603 hier
1056 1568 1130 1602 und
1167 1568 1201 1610 2,
1235 1572 1290 1613 65,
1325 1573 1354 1604 1.
1404 1568 1446 1603 In
1485 1569 1677 1605 derselben

939 1615 1064 1650 KVeise
1108 1615 1199 1649 wird
1237 1616 1418 1650 exsatiare
1455 1616 1675 1661 gebraucht;

938 1662 974 1705 9,
1002 1667 1032 1704 1,
1054 1666 1074 1697 9
1093 1663 1280 1697 saevitiam
1306 1664 1495 1706 exsatiare,
1521 1663 1595 1708 vgl.
1616 1663 1676 1707 35,

939 1713 996 1754 37,
1023 1713 1042 1743 S
1069 1710 1224 1744 satiatus
1243 1710 1429 1754 eompleccu
1454 1710 1534 1753 filii.

985 1780 1026 1803 ea
1047 1768 1164 1813 potio]
1198 1785 1241 1797 =
1276 1768 1336 1803 ein
1368 1768 1495 1803 Trunk
1527 1769 1675 1812 daraus,

932 1817 1034 1860 potio
1062 1833 1105 1845 =
1132 1815 1259 1850 Trunk
1291 1815 1365 1850 und
1391 1816 1525 1859 Trank,
1551 1816 1677 1851 letzte-

938 1875 995 1898 res
1021 1862 1248 1897 namen‘tlieh
1270 1862 1308 1896 in
1335 1863 1400 1897 der
1419 1863 1676 1908 Verbindung:

940 1909 1065 1954 Speise
1103 1910 1177 1944 und
1212 1910 1352 1944 Trank:
1398 1909 1457 1952 21,
1493 1914 1526 1953 4,
1553 1914 1573 1945 6
1606 1911 1679 1946 cibi

936 1958 1172 2002 potionisque.
1199 1955 1258 2001 24,
1281 1960 1334 2000 16,
1359 1960 1399 1991 13
1421 1958 1537 1992 cibum
1563 1959 1676 2002 potio-

938 2015 1094 2049 ovemque.

984 2063 1025 2097 iu
1062 2063 1261 2107 propatulo
1305 2063 1465 2108 aedium]
1509 2062 1547 2097 in
1591 2064 1676 2098 dem

938 2109 1084 2144 Atrium
1127 2109 1290 2154 pflegten
1333 2121 1430 2144 zwar
1473 2111 1576 2145 sonst
1615 2110 1677 2145 bei

939 2156 1082 2191 offenen
1096 2157 1244 2191 Thfiren
1252 2156 1488 2192 Gastmahler
1500 2157 1676 2202 gehalten

938 2216 981 2238 zu
1005 2204 1154 2239 werden
1187 2203 1263 2248 (25,
1290 2207 1346 2248 12,
1380 2208 1422 2238 15
1457 2206 1593 2248 apertis
1622 2206 1675 2240 ia-

936 2252 1021 2286 uuis
1057 2252 1098 2286 in
1135 2251 1345 2295 propatulis
1386 2252 1524 2295 epulati
1564 2254 1676 2296 suut),

937 2298 1033 2333 doeh
1057 2298 1108 2332 ist
1132 2298 1212 2332 hier
1231 2298 1328 2332 wohl
1353 2298 1412 2333 ein
1431 2298 1540 2332 freier
1559 2299 1675 2342 Platz,

937 2347 1032 2380 etwa
1057 2345 1108 2379 im
1133 2345 1368 2380 Vestibulum
1394 2345 1567 2391 gemeint.

985 2415 1013 2439 c.
1048 2403 1106 2448 14,
1154 2408 1265 2438 1—2.
1304 2404 1422 2438 maior
1463 2404 1573 2450 pars]
1617 2404 1675 2440 die

937 2451 1138 2496 Majoritat,
1166 2451 1199 2485 d.
1231 2451 1265 2486 h.
1293 2451 1392 2486 wohl
1424 2451 1483 2486 die
1514 2451 1676 2497 weniger

937 2498 1144 2543 gravierten
1165 2498 1252 2533 oder
1265 2498 1335 2532 mit
1348 2498 1443 2533 Rom
1458 2498 1573 2533 durch
1586 2499 1675 2533 Ver-

937 2545 1185 2580 wandtschaft
1210 2555 1270 2579 am
1296 2547 1449 2590 engsten
1473 2546 1675 2581 verbunde-

936 2603 1005 2627 nen
1031 2591 1242 2627 Senatoren.

983 2652 1106 2686 rriiiltis
1124 2661 1228 2695 saepe
1247 2651 1362 2697 bellis]
1390 2644 1489 2686 Uber
1507 2651 1566 2686 die
1581 2652 1674 2687 Stel-

938 2697 1028 2742 lung
1053 2698 1115 2732 des
1140 2698 1382 2732 Adverbiums
1409 2710 1437 2733 c.
1467 2702 1521 2741 10,
1549 2702 1579 2733 6.
1606 2710 1673 2733 un-

938 2744 1053 2789 dique.
1085 2743 1232 2780 Beliebt
1256 2744 1306 2779 ist
1324 2744 1549 2779 namentlich
1569 2746 1675 2780 multi

937 2801 1050 2835 saepe.
1077 2790 1111 2834 2,
1138 2794 1194 2835 35,
1226 2795 1247 2826 8
1282 2792 1404 2826 multis
1434 2801 1538 2835 saepe
1563 2792 1673 2827 bellis.

938 2837 997 2881 26,
1034 2841 1091 2881 40,
1120 2842 1162 2872 16
1194 2838 1316 2872 multis
1353 2848 1456 2882 saepe
1491 2843 1672 2883 tempesta-

936 2886 1044 2927 tibus,
1081 2884 1303 2929 umgekehrt
1336 2884 1463 2929 selten,
1500 2886 1574 2930 vgl.
1611 2886 1673 2932 40,

936 2936 993 2976 45,
1022 2937 1039 2967 7
1064 2943 1166 2977 saepe
1191 2932 1312 2966 multis
1336 2933 1600 2968 certaminibus.

1349 747 1492 802 itaque
1525 748 1678 802 quibus
1707 760 1747 791 17
