2000 3338
288 119 345 162 26
767 120 911 155 LIBER
935 121 1064 156 XXVI.
1116 120 1216 158 CAP.
1244 126 1296 158 12.
1326 125 1379 157 13.
1677 139 1702 157 a.
1723 139 1752 157 u.
1771 131 1833 158 543.

287 242 378 269 rem
411 228 666 281 aperuisset,
705 240 882 281 arguere
916 241 1008 268 sese
1039 230 1235 280 paratam
1266 242 1371 269 esse.
1432 229 1661 282 productus
1691 229 1831 284 primo

288 287 392 327 satis
419 287 663 327 constanter
688 285 887 339 ignorare
914 299 958 325 se
984 285 1204 326 mulierem
1229 286 1477 340 simulabat3
1502 287 1711 341 paulatim
1735 287 1832 329 dein

287 344 504 386 convictus
536 343 666 396 veris,
704 357 800 384 cum
839 345 1054 384 tormenta
1083 343 1202 398 posci
1234 345 1276 384 et
1306 344 1450 398 parari
1479 345 1658 400 videret,
1689 345 1830 388 fassus

219 414 260 444 18
287 402 329 442 id
360 402 421 442 ita
447 415 550 452 esse,
583 401 834 456 litteraeque
860 401 1066 456 prolatae,
1098 403 1141 443 et
1165 401 1357 442 additum
1383 402 1512 443 etiam
1537 403 1691 446 indicio
1718 405 1830 460 quod

286 459 522 513 celabatur,
563 461 606 500 et
650 460 756 501 alios
801 460 940 514 specie
984 459 1304 515 transfugarum
1342 459 1551 502 Numidas
1594 464 1743 517 vagari
1786 463 1831 504 in

216 530 258 560 19
285 518 434 559 castris
466 518 682 560 Romanis.
731 518 763 559 ii
789 533 919 574 supra
945 519 1218 574 septuaginta
1244 519 1484 573 comprensi
1510 521 1552 560 et
1577 533 1670 561 cum
1695 524 1830 563 trans-

285 576 398 631 fugis
429 577 549 619 novis
582 577 756 619 mulcati
788 577 921 633 virgis
953 577 1234 632 manibusque
1266 578 1470 632 praecisis
1503 576 1694 632 Capuam
1723 580 1831 621 redi-

285 637 456 690 guntur.
504 639 779 691 conspectum
809 638 901 677 tam
931 636 1056 677 triste
1082 636 1337 690 supplicium
1362 636 1492 691 fregit
1518 637 1682 678 animos
1708 635 1831 679 Cam-

217 694 269 735 13
287 708 509 748 panorum.
571 709 801 736 concursus
835 695 888 736 ad
919 695 1079 736 curiam
1109 695 1258 749 populi
1289 695 1426 736 factus
1459 695 1600 750 coegit
1630 694 1831 737 Loesium

284 755 475 794 senatum
507 767 682 806 vocare,
721 755 762 794 et
793 753 1071 807 primoribus,
1108 754 1180 807 qui
1211 754 1297 795 iam
1323 754 1394 795 diu
1425 754 1606 808 publicis
1640 754 1829 796 consiliis

283 812 474 865 aberant,
505 812 727 865 propalam
758 811 1052 866 minabantur,
1078 812 1163 853 nisi
1193 813 1386 854 venirent
1411 812 1457 853 in
1483 815 1686 867 senatum,
1719 813 1832 855 circa

283 870 430 912 domos
463 884 609 911 eorum
647 870 781 911 ituros
824 883 867 911 se
906 872 948 911 et
983 870 1028 911 in
1065 870 1282 924 publicum
1314 886 1460 913 omnes
1491 871 1533 912 vi
1565 874 1828 914 extracturos

235 939 255 969 2
284 942 386 970 esse.
446 928 483 970 is
516 928 646 970 timor
677 928 943 983 frequentem
975 931 1169 970 senatum
1200 930 1474 983 magistratui
1505 931 1715 984 praebuit.
1768 931 1829 972 ibi

281 1001 376 1028 cum
409 988 537 1028 ceteri
569 987 618 1029 de
649 987 803 1042 legatis
834 987 1055 1029 mittendis
1092 987 1144 1028 ad
1175 987 1456 1041 imperatores
1483 987 1700 1031 Romanos
1733 1002 1828 1044 age-

280 1049 387 1100 rent,
412 1045 566 1088 Vibius
594 1045 772 1097 Virrius,
805 1046 876 1100 qui
902 1046 1153 1088 defectionis
1181 1048 1329 1087 auctor
1355 1047 1407 1088 ab
1439 1046 1644 1089 Romanis
1677 1047 1827 1099 fuerat,

230 1116 252 1147 3
279 1104 571 1159 interrogatus
605 1105 859 1146 sententiam
896 1107 1028 1160 negat
1059 1119 1149 1159 eos,
1188 1105 1259 1159 qui
1298 1105 1347 1146 de
1379 1105 1534 1160 legatis
1568 1108 1611 1147 et
1642 1106 1692 1148 de
1723 1121 1827 1161 pace

281 1178 328 1204 ac
361 1163 581 1207 deditione.
605 1164 849 1218 loquantur,
879 1164 1134 1218 meminisse,
1165 1178 1242 1205 nec
1275 1164 1375 1218 quid
1406 1163 1561 1205 facturi
1592 1164 1760 1219 fuerint,
1792 1165 1828 1207 si

279 1221 496 1264 Romanos
523 1223 567 1263 in
599 1225 814 1276 potestate
838 1223 1102 1277 habuissent,
1127 1237 1206 1264 nec
1231 1222 1332 1277 quid
1357 1223 1462 1277 ipsis
1488 1223 1736 1277 patiendum
1763 1224 1830 1266 sit.

229 1292 253 1322 4
281 1280 424 1335 tquid‘?
450 1280 541 1323 vos'
568 1281 708 1336 inquit
740 1281 848 1323 eeam
874 1281 1132 1324 deditionem
1157 1282 1250 1323 fore
1277 1282 1470 1336 censetiS,
1497 1296 1581 1336 qua
1601 1282 1829 1338 quondam,

281 1344 329 1380 ut
369 1340 568 1382 adversus
603 1338 817 1382 Samnites
860 1341 1064 1382 auxilium
1101 1341 1444 1395 impetraremus,
1481 1355 1560 1382 nos
1597 1343 1828 1396 nostraque

230 1409 252 1440 5
280 1399 423 1440 omnia
453 1398 660 1440 Romanis
693 1399 965 1441 dedidimus?
997 1400 1083 1441 iam
1115 1414 1136 1440 e
1162 1400 1368 1441 memoria
1393 1400 1584 1453 excessit,
1615 1414 1697 1454 quo
1723 1403 1828 1442 tem-

277 1472 379 1512 pore
418 1461 460 1499 et
496 1458 541 1498 in
579 1473 662 1512 qua
699 1458 873 1500 fortuna
911 1474 936 1500 a
966 1459 1125 1513 populo
1158 1458 1352 1500 Romano
1385 1458 1691 1500 defecerimus?
1730 1459 1827 1514 iam,

278 1530 402 1571 quem
429 1517 482 1558 ad
508 1516 681 1559 modum
705 1518 750 1558 in
776 1517 1010 1560 defectione
1036 1517 1309 1572 praesidium,
1342 1518 1455 1572 quod
1481 1520 1651 1572 poterat
1678 1518 1827 1574 emitti,

274 1679 456 1714 Neutrum
488 1680 587 1715 eines
622 1680 846 1715 Pronomens
885 1691 1013 1725 ausge-

274 1726 410 1761 drfickt
436 1726 536 1761 wird.
586 1727 646 1771 35,
666 1731 699 1772 8,
721 1731 739 1762 7
764 1739 809 1762 ‘ne
834 1739 875 1762 ea
895 1738 1014 1762 coram

272 1777 440 1818 aryueret
465 1773 525 1818 45,
552 1779 607 1818 24,
634 1779 666 1809 4.

320 1833 502 1867 convictus
527 1833 635 1879 veris]
663 1833 778 1868 durch
804 1833 863 1868 die
882 1833 1013 1868 Wahr-

272 1879 361 1922 heit,
382 1880 497 1914 durch
508 1880 754 1924 Thatsachen,
775 1881 833 1915 die
855 1892 892 1916 er
911 1880 1014 1916 nicht

271 1927 311 1962 in
324 1926 470 1962 Abrede
490 1927 624 1962 stellen
644 1927 1011 1971 konnte‚1'iberf1’ihrt.

271 1974 306 2018 6,
340 1978 395 2018 26,
430 1978 449 2009 7
484 1975 618 2009 revicta
648 1975 754 2010 rebus
785 1976 900 2010 verbis
931 1986 1011 2010 con-

272 2021 395 2063 futare
422 2022 517 2056 nihil
543 2023 680 2056 attinet.

321 2072 374 2103 19.
413 2069 581 2103 manibus
619 2069 811 2115 praecisis]
851 2069 910 2103 die
952 2080 1012 2113 ge-

271 2114 481 2150 wohnliche
515 2114 634 2151 Strafe
671 2116 728 2150 fiir
755 2115 902 2160 Spione.
952 2116 1011 2158 22,

270 2166 328 2204 33,
361 2167 380 2196 2
426 2163 628 2207 speculator
665 2164 859 2207 deprensus
895 2164 1011 2198 mani-

270 2210 404 2254 busque
422 2211 601 2254 praecisis
626 2210 804 2244 dimissus.

318 2256 492 2302 recliyere]
521 2257 576 2292 oft
603 2274 645 2286 =
674 2257 827 2302 jemand
858 2257 1011 2302 gewalt-

271 2315 349 2338 sam
384 2304 478 2338 nach
510 2304 628 2339 einem
667 2306 754 2339 Orte
785 2304 1010 2347 hintreiben3

273 2351 346 2396 vgl.
375 2352 415 2385 iu
447 2354 568 2386 castra
592 2352 720 2396 rediyi.
755 2363 782 2386 c.
813 2355 866 2394 10,
893 2355 923 2387 5.
950 2351 1012 2395 21,

271 2402 304 2441 9,
331 2402 364 2433 2.

317 2468 345 2491 e.
376 2457 434 2500 13,
457 2461 486 2491 1.
508 2468 702 2492 concursus
721 2458 770 2492 acl
789 2458 928 2492 curiam
942 2468 1010 2502 po-

263 2504 364 2549 puli]
400 2504 459 2539 die
491 2504 715 2539 auffallende
742 2504 1011 2550 XVortstellung

269 2551 409 2586 erkffirt
434 2550 511 2586 sich
544 2562 598 2595 so,
632 2551 713 2586 dass
744 2562 939 2586 concursus
964 2553 1012 2587 ad

267 2599 408 2634 curiam
433 2598 539 2634 einen
560 2599 700 2643 Begriff
716 2597 845 2641 bildet,
865 2611 907 2633 zu
928 2599 1011 2633 dem

262 2647 396 2690 populi
421 2645 474 2681 als
494 2646 630 2680 nithere
651 2646 905 2691 Bestimmung
930 2646 1009 2680 hin-

268 2693 404 2728 zutritt.
457 2704 487 2728 c.
508 2696 563 2736 21,
588 2697 627 2727 14
649 2697 732 2737 post
752 2693 1010 2738 profectionem

268 2752 311 2774 ex
346 2741 476 2774 Sicilia
522 2740 693 2775 Marcelli
727 2740 800 2774 und
839 2752 877 2775 so
917 2741 1009 2776 noch

269 2787 380 2822 ofters
400 2787 459 2823 bei
480 2798 550 2822 von
566 2787 696 2822 Verbis
717 2788 780 2822 der
800 2788 1010 2833 Bewegung

265 2834 519 2877 abgcleiteten
546 2834 802 2870 Substantivis.

317 2887 347 2915 22.
364 2883 504 2925 coactor]
525 2883 650 2918 trennt
671 2882 784 2917 durch
806 2882 904 2917 seine
919 2882 1010 2917 Stel-

1086 1680 1177 1726 lung
1197 1680 1255 1714 die
1270 1680 1684 1725 zusammengehorigen
1697 1680 1825 1716 Worte

1086 1728 1295 1770 defectionis
1332 1728 1376 1762 ab
1408 1727 1586 1762 Romanis
1622 1727 1697 1762 und
1734 1728 1827 1762 wird

1086 1774 1250 1809 dadurch
1293 1774 1605 1819 hervorgehoben.
1648 1773 1689 1819 3,
1731 1780 1768 1817 5,
1804 1778 1824 1810 6

1085 1822 1240 1857 hostium
1265 1822 1310 1856 ab
1336 1825 1433 1866 ten-90
1458 1823 1646 1856 incursum
1672 1822 1776 1857 vidit.

1134 1885 1164 1915 3.
1185 1881 1432 1926 interroyatus
1450 1880 1677 1926 sententiam]
1699 1881 1822 1915 interr.

1085 1938 1112 1963 s.
1128 1927 1203 1971 (30,
1219 1931 1274 1971 23,
1292 1930 1324 1972 1)
1340 1927 1427 1963 oder
1446 1931 1595 1972 royatus
1612 1929 1825 1963 sententiam

1087 1973 1162 2018 (28,
1184 1978 1240 2018 40,
1261 1976 1294 2019 3)
1321 1974 1537 2010 bezeichnet
1563 1974 1622 2010 die
1648 1974 1824 2021 Umfrage

1085 2022 1216 2056 behufs
1237 2022 1498 2067 Abstimmung
1525 2021 1590 2056 der
1610 2021 1823 2066 Senatoren,

1085 2069 1246 2103 welcher
1282 2069 1475 2104 Ausdruck
1518 2080 1590 2103 von
1633 2069 1718 2104 dem
1755 2068 1823 2104 Ge-

1087 2115 1313 2150 sch‘aftsstile
1333 2116 1397 2151 der
1415 2116 1624 2150 romischen
1639 2114 1746 2150 Curie
1761 2115 1826 2151 auf

1086 2163 1144 2197 die
1172 2162 1430 2207 campanische
1458 2163 1681 2208 fibertragen
1707 2162 1763 2197 ist.

1132 2226 1163 2256 4.
1189 2222 1323 2266 inquit]
1350 2220 1429 2256 Liv.
1462 2221 1598 2256 mischt
1627 2221 1730 2257 nicht
1756 2222 1823 2257 sel-

1084 2270 1147 2303 ten
1168 2269 1310 2304 direkte
1331 2269 1405 2303 und
1425 2268 1608 2304 indirekte
1628 2268 1728 2304 Rede
1748 2269 1823 2304 und

1084 2316 1174 2361 geht
1210 2314 1436 2350 namentlich
1468 2327 1539 2350 von
1576 2315 1746 2351 letzterer
1778 2328 1822 2351 zu

1084 2365 1236 2398 ersterer
1256 2363 1355 2406 siber,
1377 2373 1481 2398 wenn
1501 2364 1581 2397 eine
1602 2362 1822 2409 Steigerung

1084 2410 1145 2445 des
1166 2410 1331 2445 Affektes
1358 2410 1422 2444 des
1442 2409 1605 2444 Redners
1630 2422 1711 2444 zum
1730 2412 1821 2446 Aus-

1084 2457 1198 2492 druck
1229 2457 1402 2492 kommen
1434 2457 1520 2499 soll,
1559 2456 1677 2492 wobei
1702 2458 1823 2503 inquit

1084 2505 1228 2547 stehen,
1256 2505 1345 2539 aber
1370 2504 1464 2539 auch
1490 2504 1615 2539 fehlen
1639 2504 1755 2548 kann3
1781 2515 1820 2540 so

1085 2552 1179 2587 ohne
1205 2553 1341 2596 iuquit:
1369 2563 1397 2586 c.
1426 2555 1481 2594 36,
1508 2556 1540 2585 3.

1131 2600 1302 2634 adversus
1322 2599 1515 2644 Sanmites]
1544 2599 1594 2632 Im
1620 2597 1731 2633 Jahre
1751 2602 1819 2633 343

1083 2647 1199 2682 sollen
1225 2646 1283 2681 die
1310 2645 1529 2691 Campaner,
1561 2645 1740 2679 nachdem
1767 2645 1818 2681 sie

1083 2694 1153 2729 den
1180 2693 1385 2728 Samnitem
1411 2692 1558 2737 erlegen
1584 2703 1723 2734 waren,
1748 2693 1820 2728 den

1083 2740 1260 2775 Beistand
1285 2740 1349 2775 der
1374 2739 1508 2774 Romer
1533 2749 1651 2784 gegen
1677 2739 1735 2774 die
1761 2739 1817 2775 bis

1085 2788 1196 2822 dahin
1235 2787 1303 2821 mit·
1337 2786 1533 2821 denselben
1565 2786 1819 2822 verbtindeten

1084 2835 1267 2869 Samniter
1298 2833 1412 2868 durch
1445 2833 1524 2868 eine
1556 2833 1723 2869 formello
1749 2833 1818 2869 De-

1085 2881 1200 2917 dition
1227 2880 1385 2916 erreicht
1406 2881 1535 2915 habon.
1564 2881 1644 2926 Vgl.
1675 2881 1706 2925 ἲ,
1722 2885 1766 2916 30
1781 2880 1816 2916 ff.
