2000 3338
119 192 148 209 a.
168 183 232 209 chr.
253 190 281 207 n.
301 182 361 207 210.

631 171 774 206 LIBER
799 171 927 206 XXVI.
979 170 1080 206 CAP.
1107 175 1240 207 40.·41.
1621 170 1674 212 87

127 281 218 323 ausi
248 278 437 333 plerique
470 291 565 319 cum
597 278 641 318 in
674 278 920 319 civitatibus
953 278 1040 319 suis
1073 292 1120 320 ac
1154 278 1233 319 sub
1271 278 1438 333 legibus
1470 277 1678 331 vixerant,

126 342 167 380 et
197 339 426 392 postquam
455 350 526 377 eos
554 351 604 376 ex
637 336 767 377 variis
794 337 933 378 causis
965 336 1140 378 fortuna
1173 336 1324 378 similis
1345 336 1678 391 conglobaverat

127 396 440 452 Agathyrnam,
471 409 546 448 per
576 394 805 436 latrocinia
836 410 884 436 ac
916 395 1110 449 rapinam
1142 395 1376 436 tolerantes
1403 395 1548 436 vitam.
1597 394 1676 436 hos
1707 404 1748 435 18

124 469 260 510 neque
299 454 534 507 relinquere
571 452 779 494 Laevinus
817 454 862 494 iu
898 453 1038 494 insula
1073 455 1166 493 tum
1203 453 1389 506 primum
1425 467 1537 494 nova
1574 467 1678 507 pace

122 513 389 555 coalescente
427 512 543 552 velut
581 511 805 552 materiam
842 510 1052 552 novandis
1085 511 1208 551 rebus
1242 511 1346 552 satis
1385 513 1527 552 tutum
1558 514 1677 552 ratus

124 574 206 625 est,
257 574 299 612 et
338 569 515 625 Reginis
553 569 648 610 usui
698 568 831 609 futuri
870 571 991 609 erant
1028 568 1080 608 ad
1129 568 1421 622 populandum
1459 569 1678 610 Bruttium

126 643 276 684 agrum
309 628 528 670 adsuetam
560 626 794 668 latrociniis
827 626 1128 680 quaerentibus
1160 640 1345 667 manum.

1408 629 1450 667 et
1482 627 1593 680 quod
1626 627 1680 668 ad

124 686 318 730 Siciliam
351 686 520 738 attinet,
553 699 601 725 eo
634 698 745 724 anno
779 683 1038 725 debellatum
1071 686 1146 726 est.

240 745 291 786 In
328 743 538 798 Hispania
575 741 784 796 principio
824 743 934 784 veris
974 742 1018 783 P.
1058 741 1219 796 Scipio,
1263 743 1444 784 navibus
1486 742 1676 784 deductis
1692 743 1746 784 41

122 803 392 856 evocatisque
424 800 561 841 edicto
586 799 870 841 Tarraconem
898 801 1113 842 sociorum
1146 801 1334 853 auxiliis,
1367 801 1545 842 classem
1578 815 1676 843 one-

122 862 341 915 rariasque
373 859 532 901 ostium
564 858 660 899 inde
687 858 839 900 Hiberi
871 858 1057 900 fluminis
1088 861 1232 913 petere
1258 859 1388 901 iubet.
1441 859 1589 902 eodem
1619 860 1676 901 le·
1702 870 1723 901 2

122 921 270 975 giones
303 933 352 959 ex
383 916 574 958 hibernis
607 917 832 958 convenire
864 931 961 959 cum
992 918 1202 971 iussisset,
1237 917 1329 971 ipse
1362 932 1459 959 cum
1492 919 1678 973 quinque

121 977 294 1019 milibus
340 976 551 1018 sociorum
597 975 648 1016 ab
690 975 930 1017 Tarracone

974 976 1191 1031 profectus
1237 976 1289 1017 ad
1331 977 1563 1017 exercitum
1601 979 1679 1018 est.

123 1050 206 1091 quo
245 1049 340 1077 cum
377 1034 581 1085 venisset,
626 1034 915 1088 adloquendos
961 1035 1144 1076 maxime
1183 1037 1345 1075 veteres
1386 1035 1565 1089 milites,
1608 1035 1680 1089 qui

122 1094 256 1136 tantis
296 1092 595 1147 superfuerant
627 1092 836 1146 cladibus,
874 1095 992 1134 ratus
1026 1093 1223 1135 contione
1256 1092 1464 1134 advocata
1501 1093 1564 1134 ita
1594 1093 1678 1134 dis-

122 1153 272 1194 seruit:
312 1151 450 1192 enemo
492 1152 589 1192 ante
621 1165 687 1191 me
720 1165 856 1192 novus
894 1151 1128 1205 imperator
1159 1152 1366 1193 militibus
1400 1151 1506 1202 suis,
1542 1151 1679 1205 prius·
1705 1162 1725 1192 3

121 1226 249 1266 quam
287 1224 416 1264 opera
453 1224 598 1250 eorum
636 1223 737 1250 usus
776 1211 905 1263 esset,
947 1211 1108 1264 gratias
1148 1224 1274 1264 agere
1312 1210 1401 1250 iure
1440 1224 1488 1251 ac
1526 1210 1678 1252 merito

120 1269 280 1324 potuit:
319 1283 385 1309 me
424 1267 855 1322 vobis„priusquam
892 1269 1160 1321 provinciam
1199 1270 1272 1309 aut
1304 1270 1445 1310 castra
1482 1268 1679 1322 viderem,
1706 1278 1728 1308 4

121 1327 332 1382 obligavit
351 1326 540 1379 fortuna,
567 1325 752 1380 primum
773 1326 885 1380 quod
907 1340 955 1368 ea
974 1327 1134 1380 pietate
1155 1341 1256 1382 erga
1276 1329 1442 1380 patrem
1461 1329 1680 1380 patruum-

123 1401 203 1440 que
224 1400 366 1427 meum
386 1385 505 1426 vivos
526 1387 805 1439 mortuosque
831 1384 992 1437 fuistis,
1020 1385 1169 1427 deinde
1197 1385 1308 1439 quod
1329 1385 1532 1426 amissam
1557 1388 1680 1427 tanta
1706 1394 1726 1426 5

125 1445 246 1486 clade
277 1443 523 1497 provinciae
555 1443 870 1496 possessionem
901 1443 1113 1498 integram
1146 1446 1188 1485 et
1222 1444 1379 1497 populo
1412 1443 1606 1485 Romano
1640 1445 1682 1485 et

125 1503 359 1545 successori
390 1501 496 1542 mihi
526 1502 683 1542 virtute
716 1504 859 1542 vestra
892 1502 1151 1544 obtinuistis.

120 1663 292 1699 schuldet
324 1663 399 1697 und
431 1662 541 1697 meist
566 1663 679 1697 sehon
703 1663 742 1697 in
766 1663 866 1698 ihrer

118 1711 270 1745 Heimat
283 1710 451 1754 gemeine
460 1709 689 1744 Verbrecher
695 1721 866 1754 gewesen

121 1768 245 1792 waren
270 1757 345 1791 und
365 1757 460 1791 auch
482 1756 577 1801 jetzt
601 1768 637 1790 u.
664 1768 690 1791 s.
714 1769 756 1791 w,
798 1756 865 1791 Die

122 1805 252 1839 Worte
288 1803 511 1838 bestimmen
551 1803 622 1837 den
660 1803 865 1838 Charakter

122 1851 186 1885 der
217 1850 369 1885 colluvio
399 1850 514 1884 naher
545 1850 618 1883 und
652 1851 771 1894 geben
803 1862 864 1884 zu-

120 1897 243 1942 gleieh
275 1897 333 1931 die
365 1896 632 1941 Hauptgrsinde
667 1899 726 1939 (ex
750 1898 865 1932 variis

120 1945 257 1987 causis)
287 1944 386 1978 ihres
412 1943 670 1978 Aufenthaltes
704 1943 740 1978 in
765 1943 863 1989 Aga-

121 1992 218 2035 thyr.
245 2002 302 2025 an.

171 2052 225 2084 18.
240 2048 465 2093 coalescente]
484 2047 572 2082 ‘von
588 2048 651 2082 der
665 2048 863 2083 Zeu-issen-

121 2096 200 2131 heit
226 2095 304 2130 sich
330 2095 522 2137 erholend,
550 2106 594 2128 zu
619 2095 741 2130 einem
766 2095 864 2129 kr'af-

121 2142 226 2188 tigen
239 2142 387 2177 Ganzen
401 2141 608 2183 werdend'3
624 2141 683 2176 ein
697 2142 863 2187 hiaufiges

122 2190 222 2224 Bild:
250 2190 283 2232 1,
313 2193 367 2232 11,
391 2193 410 2223 2
431 2189 645 2232 respublica.
673 2189 733 2232 29,
754 2193 809 2231 31,
831 2193 862 2223 3.

120 2246 279 2281 reyuum.
306 2236 341 2279 2,
367 2239 423 2278 48,
448 2240 463 2269 1
486 2236 609 2270 animi.
654 2235 727 2270 Das
748 2236 864 2270 durch

116 2284 311 2318 coalescere
337 2283 516 2317 erreichte
538 2281 614 2317 Ziel
635 2283 735 2317 steht
755 2283 865 2317 dabei

122 2330 218 2364 auch
243 2329 313 2363 mit
336 2330 378 2363 iu
403 2328 476 2363 und
503 2329 586 2364 dem
613 2330 742 2364 Aecus.
770 2330 803 2374 1,
831 2334 863 2374 8,

126 2380 143 2410 1
171 2377 212 2410 i‘n
234 2377 364 2420 populi
389 2376 501 2410 unius
526 2387 665 2420 corpus,

171 2434 265 2468 velut
283 2435 471 2468 materiam
490 2445 569 2469 nov.
590 2435 710 2480 rebus]
726 2434 864 2479 gleich-

124 2492 203 2515 sam
214 2480 269 2514 als
278 2480 488 2514 Brennstoff
497 2480 555 2514 fiir
566 2481 850 2526 Umw'alzungen
858 2509 865 2516 .

122 2538 256 2562 novare
280 2537 345 2562 reS.
372 2526 432 2569 27,
454 2530 509 2570 24,
531 2531 563 2562 7.
590 2527 649 2571 28,
670 2532 726 2570 36,
748 2532 767 2562 6
782 2540 815 2564 u.
832 2540 863 2563 o.

170 2586 257 2620 usui
287 2586 409 2628 futuri
434 2585 552 2629 eraut]
588 2586 642 2620 ‘es
668 2597 744 2620 war
768 2587 867 2621 ihrer

122 2631 419 2667 Beschaffenheit
459 2632 554 2666 nach
592 2644 634 2666 zu
674 2634 865 2675 erwarten,

122 2677 232 2714 dass'.
271 2679 345 2713 Das
360 2679 459 2714 Part.
479 2679 605 2713 Futur.
632 2679 767 2713 drfickt
785 2679 866 2714 eine

122 2726 162 2760 in
205 2725 269 2760 der
306 2725 604 2760 Beschaffenheit
647 2725 711 2759 der
749 2725 866 2760 Sache

122 2772 294 2817 liegende
320 2771 577 2817 Bestimmung
607 2772 695 2807 oder
720 2773 780 2806 ein
805 2783 866 2817 ge-

124 2819 330 2864 eignetsein
367 2831 412 2854 zu
450 2821 564 2854 etwas
602 2830 667 2854 aus
706 2830 735 2854 c,
768 2822 800 2853 5.
834 2823 865 2853 2.

123 2866 332 2901 documento
362 2866 520 2908 futurae.
559 2866 599 2909 2,
629 2870 688 2908 10,
718 2870 756 2900 11
780 2866 867 2910 plus

122 2912 244 2954 famae
267 2913 485 2949 habituram.
512 2913 554 2956 3,
583 2917 637 2955 58,
665 2917 696 2947 2.
723 2912 783 2956 21,
809 2917 867 2956 21,

941 1668 960 1698 6
982 1664 1110 1699 bellum
1130 1664 1286 1709 z'nyeutis
1305 1664 1441 1708 yloriae
1457 1663 1683 1707 praedaeque

937 1711 1114 1753 futurum.

986 1791 1016 1814 c.
1043 1779 1200 1814 41—51.
1230 1779 1406 1825 Scipios
1433 1781 1607 1815 Thaten
1638 1780 1682 1814 in

939 1827 1144 1872 Spanien.

986 1897 1016 1921 o.
1043 1889 1098 1919 41.
1126 1885 1243 1920 Rede
1270 1886 1345 1920 des
1374 1886 1537 1930 Scipio.

985 1948 1015 1978 2.
1042 1944 1316 1989 superfuerant]
1348 1954 1528 1987 superesse
1551 1960 1595 1972 =
1621 1954 1680 1978 su-

936 1992 1115 2034 perstitem
1140 2001 1229 2032 esse‚·
1254 1990 1290 2033 9,
1318 1994 1372 2032 38,
1394 1995 1413 2025 3
1439 2001 1530 2035 quae
1554 2001 1680 2034 super·

936 2038 1010 2079 fuit
1041 2038 1142 2072 caedi
1173 2038 1417 2080 (multitudo).
1470 2038 1543 2072 Das
1575 2037 1683 2072 Plus-

937 2095 1083 2129 quamp.
1115 2084 1184 2119 wie
1210 2083 1244 2127 2,
1273 2088 1303 2126 7,
1330 2088 1350 2118 5
1377 2085 1518 2119 consuli
1543 2085 1681 2126 deinde,

937 2133 999 2175 qui
1016 2131 1247 2174 superfuerat
1261 2147 1304 2159 =
1321 2132 1478 2165 welcher
1498 2131 1563 2165 der
1578 2131 1682 2165 siber-

937 2178 1093 2212 lebende
1107 2189 1199 2218 war,
1213 2178 1398 2221 superfuit
1420 2178 1479 2212 ich
1495 2177 1559 2212 bin
1574 2178 1682 2223 tibrig

937 2224 1151 2269 geblieben,
1177 2224 1362 2259 {ibex-lebe.

985 2287 1087 2318 3—7.
1121 2282 1336 2327 Einleitung
1367 2283 1431 2317 der
1463 2283 1575 2318 Rede.
1621 2282 1681 2318 Sie

937 2330 1082 2364 enthalt
1115 2333 1133 2371 5
1160 2332 1251 2363 3-5
1284 2330 1444 2373 captatio
1481 2330 1696 2364 benevoleu-·

937 2378 1027 2418 tiae;
1053 2380 1072 2418 ἓ
1099 2380 1119 2410 6
1144 2376 1369 2420 Andeutung
1389 2376 1532 2420 Scipios
1552 2376 1590 2410 in
1617 2376 1682 2411 der

939 2423 1122 2458 Offensive
1166 2422 1362 2467 liegenden
1404 2423 1682 2468 Kriegsplanes;

937 2473 956 2512 ξ
984 2474 1002 2504 7
1031 2469 1310 2514 Ankfindigung
1335 2469 1398 2504 des
1425 2470 1595 2505 Themas.

986 2532 1018 2564 4.
1039 2529 1212 2572 obliyavz't
1229 2528 1398 2573 fortuna]
1426 2528 1507 2562 ‘hat
1521 2527 1619 2562 mich
1638 2539 1682 2561 zu

939 2575 1073 2610 Eurem
1107 2575 1311 2609 Schuldner
1350 2575 1540 2620 gemacht,
1579 2574 1682 2608 Euch

939 2621 1202 2666 verpflichtet'.
1238 2633 1267 2656 c.
1289 2625 1346 2664 49,
1367 2625 1387 2656 8
1408 2625 1502 2655 metu
1523 2621 1682 2665 obliyare

938 2669 1115 2709 hommes,-
1148 2668 1273 2713 haufig
1298 2669 1401 2711 fidem
1427 2668 1594 2711 obliyare.
1621 2667 1682 2712 22,

940 2718 996 2756 22,
1026 2718 1078 2747 14.
1105 2714 1164 2755 29,
1194 2718 1247 2756 16,
1274 2718 1305 2747 2.
1333 2714 1393 2757 30,
1416 2718 1470 2755 12,
1494 2717 1545 2747 18.
1596 2714 1679 2758 Vgl.

940 2761 1004 2794 das
1025 2760 1235 2804 Gegenteil:
1262 2761 1438 2795 exsolvere
1455 2761 1481 2802 f.
1510 2771 1538 2794 c.
1555 2764 1609 2803 31,
1628 2764 1680 2796 10.

986 2829 1028 2852 ea
1048 2818 1198 2863 pietate]
1229 2817 1318 2852 ‘von
1340 2818 1500 2861 solcher,
1524 2829 1597 2853 von
1617 2818 1682 2853 der

938 2865 1150 2918 bekannten
1176 2864 1418 2909 Gesinnung'.
1457 2864 1540 2909 Vgl.
1568 2875 1597 2901 e.
1624 2869 1681 2909 27,

943 2916 984 2947 10
1010 2923 1047 2947 eo
1073 2923 1205 2947 ammo.

1209 1502 1282 1543 sed
1314 1517 1410 1543 cum
1447 1502 1532 1543 iam
1563 1502 1680 1543 beni·
1707 1513 1726 1543 6
