2000 3338
170 194 196 212 a.
219 185 283 212 chr.
306 193 333 210 n.
354 186 413 211 211.
678 176 822 211 LIBER
846 175 974 212 XXVI.
1027 176 1127 212 CAP.
1154 180 1208 211 25.
1657 176 1713 217 53

169 282 331 338 Illyrici
367 282 414 323 in
444 282 723 338 Pelagoniam
756 284 902 325 eadem
934 284 1153 326 celeritate
1183 284 1312 325 vertit
1342 283 1442 338 iter3
1480 283 1577 324 inde
1608 282 1723 326 Dar-.

170 341 375 383 danorum
412 341 560 384 urbem
593 341 794 397 Sintiam,
831 343 876 384 in
907 342 1201 385 Macedoniam
1238 342 1471 384 transitum
1501 341 1714 383 Dardanis

169 399 398 453 facturam,
437 401 558 455 cepit.
625 401 691 442 his
728 401 887 455 raptim
925 401 1030 443 actis
1073 415 1236 442 memor
1271 401 1456 443 Aetolici
1498 400 1714 456 iunctique
1740 410 1762 441 4

166 472 265 500 cum
295 473 344 500 eo
370 458 552 500 Romani
583 460 684 501 belli
714 474 790 514 per
814 459 1089 514 Pelagoniam
1116 462 1158 500 et
1182 459 1375 513 Lyncum
1406 462 1449 501 et
1474 459 1715 501 Bottiaeam

168 517 215 558 in
234 516 501 560 Thessaliam
534 517 766 571 descendit,
790 541 838 546 —
863 518 915 558 ad
948 518 1107 559 bellum
1140 531 1281 558 secum
1313 517 1516 559 adversus
1537 517 1714 560 Aetolos
1741 528 1761 559 5

169 576 474 630 capessendum
504 577 677 617 incitari
707 590 832 630 posse
867 575 1060 617 homines
1092 575 1290 616 credebat
1324 599 1374 605 -—
1408 579 1450 616 et
1480 577 1629 618 relicto
1662 576 1716 617 ad

168 633 312 676 fauces
345 634 588 676 Thessaliae
619 634 775 675 Perseo
808 647 902 675 cum
934 635 1136 699 quattuor
1166 633 1336 674 milibus
1370 636 1630 675 armatorum
1662 635 1714 676 ad

170 693 375 736 arcendos
405 693 521 735 aditu
540 692 736 746 Aetolos,
767 692 875 746 ipse,
906 691 1155 746 priusquam
1181 692 1412 734 maioribus
1439 694 1715 746 occuparetur
1740 704 1760 734 6

168 752 313 807 rebus,
349 752 393 792 in
430 751 720 792 Macedoniam
759 753 885 805 atque
923 750 1020 791 iude
1057 751 1102 791 in
1134 749 1361 793 Thraciam
1399 751 1629 792 exercitum
1667 766 1714 793 ac

167 809 342 852 Maedos
379 809 509 850 duxit.
563 809 776 850 incurrere
815 823 865 850 ea
902 822 1005 864 gens
1042 809 1088 850 in
1118 808 1414 852 Macedoniam
1453 810 1577 851 solita
1612 813 1714 864 erat,
1742 821 1760 851 7

167 869 241 910 ubi
283 881 428 923 regem
471 870 725 922 occupatum
769 870 941 910 externo
984 868 1096 910 bello
1143 882 1191 909 ac
1235 868 1326 909 sine
1369 868 1580 922 praesidio
1622 882 1715 910 esse

165 941 347 982 regnum
378 926 592 968 sensisset.
650 926 703 968 ad
733 926 997 981 frangendos
1024 927 1156 981 igitur
1187 928 1357 980 spiritus
1388 930 1555 969 vastare
1588 941 1713 982 agros

166 988 209 1027 et
239 985 389 1026 urbem
414 984 767 1040 Iamphorynam,
799 989 927 1039 caput
959 999 1181 1040 arcemque
1203 985 1437 1039 Maedicae,
1469 999 1714 1041 oppugnare
1741 997 1761 1028 8

167 1044 321 1099 coepit.
373 1042 532 1098 Scopas
563 1044 635 1085 ubi
669 1044 906 1098 profectum
937 1045 982 1085 in
1009 1043 1234 1085 Thraciam
1265 1057 1410 1098 regem
1443 1046 1712 1098 occupatum·
1741 1056 1760 1086 9

166 1117 247 1158 que
272 1103 332 1144 ibi
358 1102 471 1144 bello
494 1102 673 1154 audivit,
705 1105 870 1144 armata
897 1103 1012 1144 omni
1038 1103 1257 1144 iuventute
1277 1103 1528 1144 Aetolorum
1558 1103 1716 1144 bellum

165 1161 322 1203 inferre
354 1161 620 1203 Acarnaniae
658 1164 794 1216 parat.
857 1162 1057 1203 adversus
1091 1176 1195 1216 quos
1227 1159 1501 1203 Acarnanum
1539 1176 1642 1217 gens
1675 1164 1717 1202 et
1744 1172 1787 1204 10

165 1220 329 1262 viribus
359 1221 499 1286 impar
530 1223 572 1262 et
602 1220 689 1261 iam
721 1219 934 1262 Oeniadas
966 1219 1216 1275 Nasumque
1249 1221 1409 1262 amissa
1439 1235 1614 1262 cernens
1633 1219 1715 1262 Ro-

166 1293 374 1333 manaque
405 1279 576 1334 insuper
602 1294 720 1320 arma
750 1279 964 1334 ingruere,
996 1279 1062 1320 ira
1088 1280 1228 1335 magis
1262 1279 1435 1321 instruit
1467 1294 1593 1335 quam
1620 1293 1715 1321 con-

167 1338 264 1380 silio
302 1338 474 1379 bellum.
530 1338 778 1393 coniugibus
817 1338 1047 1393 liberisque
1080 1342 1122 1380 et
1160 1338 1397 1380 senioribus
1437 1352 1562 1392 super
1600 1352 1715 1380 sexa·
1745 1349 1785 1379 11

214 1481 245 1512 3.
278 1477 472 1512 transitum
508 1475 706 1522 facturam]
746 1477 906 1512 ‘welche
1027 1480 1056 1512 7.
1084 1477 1147 1511 ubi
1173 1498 1215 1501 —
1242 1477 1420 1523 sensisset]
1450 1478 1514 1512 ubi
1538 1477 1608 1512 mit
1632 1477 1716 1512 dem

166 1525 237 1559 den
262 1524 486 1569 Durchgang
518 1525 698 1569 gestattet
728 1523 815 1559 oder
844 1535 906 1568 ge·
979 1524 1202 1570 conjunctiv.
1234 1524 1426 1559 iterativus
1458 1535 1529 1559 von
1562 1524 1639 1559 Liv.
1670 1525 1716 1559 ab

167 1571 287 1606 w'ahrt
322 1571 444 1606 haben
483 1571 636 1606 wurde’.
695 1571 770 1606 Das
807 1570 905 1605 Part.
978 1571 1016 1606 in
1042 1572 1106 1606 der
1125 1571 1239 1606 Prosa
1258 1571 1360 1605 nicht
1379 1572 1506 1606 selten.
1550 1571 1634 1616 Vgl.
1656 1570 1716 1614 21,

165 1618 246 1654 Fut.
272 1618 358 1653 Akt.
392 1618 525 1653 drfickt
555 1617 610 1653 oft
642 1618 722 1652 eine
754 1618 792 1652 in
823 1618 904 1652 dem
979 1622 1041 1661 35,
1074 1623 1095 1652 4
1138 1619 1202 1653 ubi
1231 1618 1318 1661 fides
1352 1629 1423 1653 non
1448 1622 1548 1662 esset,
1582 1619 1718 1654 ebenso

166 1665 301 1701 Wesen
344 1664 444 1700 eines
491 1664 769 1710 Gegenstandes
821 1665 908 1700 oder
977 1665 1038 1700 bei
1062 1666 1105 1708 si,
1132 1676 1222 1708 eum,
1247 1669 1296 1700 ut.

166 1712 266 1748 einer
296 1712 434 1748 Person
464 1712 633 1757 liegende
669 1711 907 1757 Geneigtheit

166 1759 256 1795 oder
291 1759 546 1804 Bestimmung
588 1771 631 1793 zu
672 1760 785 1793 etwas
829 1770 905 1793 aus.

167 1817 196 1841 0.
223 1810 280 1850 40,
306 1810 350 1841 18
369 1805 520 1851 Reqinis
541 1807 628 1841 usui
645 1806 767 1849 futuri
786 1810 906 1841 erant:

167 1853 218 1888 sie
248 1864 372 1888 waren
403 1853 574 1898 geeignet
599 1853 669 1888 den
694 1854 735 1888 R.
762 1853 907 1888 Nutzen

166 1912 210 1935 zu
233 1900 401 1946 bringen.
446 1900 506 1943 21,
532 1904 565 1943 4,
593 1904 636 1935 10
662 1912 695 1934 u.
722 1904 778 1943 21,
805 1904 836 1935 6.

1026 1735 1246 1780 franyendos
1283 1736 1398 1780 iyitur
1433 1736 1602 1782 spiritus]
1643 1735 1715 1780 vgl.

980 1794 1007 1817 c.
1037 1786 1092 1825 24,
1120 1786 1150 1818 5.
1201 1782 1345 1818 Ebenso
1373 1783 1542 1828 franyere
1567 1783 1716 1818 animos.

979 1841 1007 1865 0.
1043 1834 1103 1873 12,
1138 1834 1179 1864 19
1212 1842 1245 1865 u.
1279 1829 1344 1872 36,
1377 1834 1438 1874 31,
1477 1834 1517 1864 11
1556 1842 1628 1875 qua
1659 1841 1718 1864 ex-

972 1878 1157 1922 peditione
1182 1877 1311 1919 fractis
1337 1878 1480 1913 animis.

213 1951 246 1982 4.
272 1947 436 1992 Lyncus]
463 1948 565 1982 sonet
589 1947 793 1993 Lyncestts,
821 1947 904 1981 sx'id-
1027 1951 1079 1983 10.
1113 1958 1217 1981 arma
1249 1947 1428 1992 ingruere]
1463 1948 1595 1993 myruo
1627 1947 1719 1982 wird

167 1993 242 2029 lich
267 2005 341 2029 von
365 1994 600 2039 Pelagonien.
641 1993 708 2038 31,
734 1998 796 2039 33,
823 1998 843 2028 5
869 2006 904 2030 u.
977 1993 1214 2039 regelmassig
1236 1994 1305 2028 mit
1325 1993 1508 2039 Begriffen
1534 1994 1604 2029 wie
1630 1994 1718 2029 Ver-

168 2045 229 2084 39,
256 2045 287 2076 4.
979 2040 1128 2086 derben,
1157 2040 1308 2085 Unheil,
1333 2041 1470 2076 Gefahr
1494 2041 1716 2077 verbunden.

215 2092 244 2123 5.
262 2088 529 2134 capessendum]
542 2087 906 2132 eap.stets=Anteil
978 2099 1006 2123 c.
1049 2092 1111 2130 41,
1156 2092 1199 2122 21
1243 2089 1384 2133 inyruit
1432 2089 1592 2131 fortuma.
1656 2087 1718 2133 28,

167 2147 214 2170 an
235 2137 348 2171 etwas
365 2136 535 2178 nehmen,
558 2146 645 2180 mag
659 2139 800 2179 partem
820 2135 907 2170 oder
978 2139 1034 2179 44,
1074 2140 1116 2170 15
1155 2136 1236 2170 belli
1276 2135 1409 2178 clades,
1449 2146 1540 2180 quae
1575 2136 1617 2169 in
1652 2146 1719 2170 nos

167 2181 906 2227 eineandereBezeichnnngderGemeiu-
980 2209 1127 2217 .....
1156 2183 1382 2227 inyruerunt.
1426 2182 1492 2225 29,
1527 2186 1587 2225 10,
1622 2186 1638 2216 1
1677 2183 1718 2219 ni

168 2229 408 2273 schaft(cum)
419 2229 528 2264 dabei
539 2229 905 2272 stehen,odernicht;
978 2229 1097 2264 eadem
1141 2231 1193 2264 vis
1235 2230 1324 2264 mali
1355 2249 1398 2255 -—
1432 2231 1472 2264 in
1514 2230 1625 2264 hostes
1664 2230 1718 2264 in-

167 2277 242 2322 vgl.
261 2280 292 2319 5,
310 2280 350 2312 15
376 2280 517 2321 partem
536 2280 724 2322 capessant
741 2287 906 2321 puqnae5
977 2278 1140 2322 yruisset.

167 2335 202 2358 u.
213 2334 252 2358 so
264 2324 326 2358 oft.
337 2327 479 2369 partem
492 2324 584 2367 belli,
597 2324 906 2369 fu9a772,pu9nant

169 2380 356 2415 capessere.
1025 2348 1084 2382 ira
1109 2368 1152 2372 -—
1180 2346 1350 2392 consilio]
1383 2346 1491 2381 freier
1523 2345 1717 2381 Gebrauch

978 2394 1043 2429 des
1076 2395 1226 2429 ablativ
1266 2404 1396 2428 causae
1441 2394 1520 2428 ‘aus
1556 2393 1716 2428 Erbitte-

977 2441 1428 2487 rung—Ueberlegung’3
1449 2441 1508 2475 bei
1522 2440 1600 2475 Liv.
1616 2440 1719 2475 nicht

978 2488 1106 2523 selten
1157 2488 1239 2532 Vgl.
1274 2499 1302 2522 c.
1331 2491 1472 2531 39,10
1503 2498 1563 2532 spe
1589 2504 1631 2516 =
1657 2497 1718 2531 spe

979 2539 1178 2571 commotus.
1207 2535 1240 2575 3
1268 2538 1365 2579 2,11
1394 2535 1452 2569 ira
1477 2535 1627 2579 odioque
1646 2546 1717 2578 pu-

977 2584 1150 2627 ynabant.
1208 2563 1273 2626 24,
1320 2585 1380 2626 13,
1426 2586 1443 2616 7
1488 2583 1602 2627 mayz's
1645 2582 1717 2625 ir,a

218 2417 363 2462 Perseo]
383 2417 488 2452 nicht
510 2417 573 2452 der
593 2418 780 2452 bekannte
807 2417 907 2453 Sohn

168 2464 232 2518 des
264 2463 432 2508 Philipp,
465 2463 530 2498 der
558 2465 698 2517 damals
728 2465 838 2518 noch·
862 2476 907 2499 zu

164 2521 395 2594 ἒιέἕθῐέἷὲτ,
445 2511 602 2545 sondern
645 2522 745 2546 einer
789 2522 908 2546 semer

216 2609 247 2640 6.
259 2606 300 2639 in
310 2605 341 2638 T
341 2606 504 2640 lto-actam
519 2633 524 2639 .
543 2632 548 2638 .
565 2632 571 2638 .
588 2632 594 2638 .
611 2615 654 2639 ac
662 2605 831 2651 Maedos]
843 2605 909 2640 der

167 2651 332 2697 Wegfall
363 2652 428 2686 der
458 2651 691 2696 Pr‘aposition
722 2663 788 2686 vor
824 2652 906 2686 dem
978 2641 1085 2674 quam
1110 2641 1179 2674 8²⁰⁶·

167 2699 322 2734 zweiten
362 2698 595 2742 Substantiv,
639 2698 787 2733 obwohl
830 2698 908 2733 dies
1028 2700 1175 2733 instruit
1186 2697 1718 2744 bellum]ungewohnlichstatt

168 2746 283 2781 durch
303 2747 495 2781 eaeercitum
514 2756 586 2780 von
606 2745 688 2780 dem
706 2747 826 2780 ersten
846 2756 908 2790 ge·
974 2756 1111 2790 parare
1154 2746 1301 2787 bellum‚·
1344 2745 1438 2779 doch
1477 2746 1615 2778 instruo
1655 2744 1717 2779 be-

166 2794 293 2828 trennt
316 2793 375 2837 ist,
395 2793 535 2828 erklart
559 2792 636 2828 sich
656 2793 799 2836 claraus,
827 2791 906 2827 dass
979 2792 1147 2827 zeichnet
1189 2792 1282 2827 auch
1326 2793 1426 2826 sonst
1460 2791 1561 2826 einer
1599 2790 1716 2825 Sache

169 2839 297 2875 Maedi
321 2839 380 2874 ein
407 2840 488 2875 Teil
511 2850 583 2874 von
604 2839 785 2874 Thracien
813 2839 903 2873 sind.
978 2839 1055 2873 ihre
1083 2838 1325 2883 Eimichtung
1350 2838 1484 2883 geben;
1510 2838 1578 2873 wie
1604 2838 1716 2881 aedes,

168 2886 252 2931 Vgl.
279 2898 307 2922 0.
332 2890 389 2929 20,
415 2891 435 2922 6
461 2897 571 2931 usque
595 2888 644 2922 ad
671 2886 850 2922 Oceanum
876 2889 907 2921 et
978 2887 1113 2928 hortos,
1138 2886 1296 2928 domum,
1322 2886 1522 2920 convivium
1541 2886 1718 2920 instruere

170 2932 288 2968 Gades
312 2946 345 2968 u.
374 2944 402 2968 c.
432 2938 485 2978 10,
512 2938 543 2969 3.
978 2932 1142 2978 (Cicero).
