<?xml version="1.0" encoding="UTF-8"?>
<!DOCTYPE html PUBLIC "-//W3C//DTD XHTML 1.0 Transitional//EN"
    "http://www.w3.org/TR/xhtml1/DTD/xhtml1-transitional.dtd">
<html xmlns="http://www.w3.org/1999/xhtml" xml:lang="en" lang="en">
 <head>
  <title>
</title>
<meta http-equiv="Content-Type" content="text/html;charset=utf-8" />
  <meta name='ocr-system' content='tesseract 3.04.00' />
  <meta name='ocr-capabilities' content='ocr_page ocr_carea ocr_par ocr_line ocrx_word'/>
</head>
<body>
  <div class='ocr_page' id='page_1' title='image "./aburbecondital0104livyuoft/aburbecondital0104livyuoft_0079.png"; bbox 0 0 2000 3338; ppageno 0'>
   <div class='ocr_carea' id='block_1_1' title="bbox 147 169 1701 213">
    <p class='ocr_par' dir='ltr' id='par_1_1' title="bbox 147 169 1701 213">
     <span class='ocr_line' id='line_1_1' title="bbox 147 169 1701 213; baseline 0 -8"><span class='ocrx_word' id='word_1_1' title='bbox 147 187 174 206; x_wconf 81' lang='lat' dir='ltr'><strong>a.</strong></span> <span class='ocrx_word' id='word_1_2' title='bbox 194 178 262 205; x_wconf 76' lang='lat' dir='ltr'><strong>chr.</strong></span> <span class='ocrx_word' id='word_1_3' title='bbox 282 186 310 204; x_wconf 85' lang='lat' dir='ltr'><strong>n.</strong></span> <span class='ocrx_word' id='word_1_4' title='bbox 331 179 391 205; x_wconf 85' lang='lat'><strong>210.</strong></span> <span class='ocrx_word' id='word_1_5' title='bbox 617 169 762 205; x_wconf 85' lang='lat' dir='ltr'><strong>LIBER</strong></span> <span class='ocrx_word' id='word_1_6' title='bbox 785 169 917 205; x_wconf 87' lang='lat' dir='ltr'>XXVI.</span> <span class='ocrx_word' id='word_1_7' title='bbox 968 170 1070 207; x_wconf 85' lang='lat' dir='ltr'><strong>CAP.</strong></span> <span class='ocrx_word' id='word_1_8' title='bbox 1098 174 1153 206; x_wconf 81' lang='grc'><strong>32.</strong></span> <span class='ocrx_word' id='word_1_9' title='bbox 1180 174 1236 206; x_wconf 87' lang='grc'><strong>33.</strong></span> <span class='ocrx_word' id='word_1_10' title='bbox 1646 171 1701 213; x_wconf 85' lang='grc'><strong>69</strong></span> 
     </span>
    </p>
   </div>
   <div class='ocr_carea' id='block_1_2' title="bbox 142 276 1774 1500">
    <p class='ocr_par' dir='ltr' id='par_1_2' title="bbox 142 276 1774 1500">
     <span class='ocr_line' id='line_1_2' title="bbox 148 276 536 330; baseline -0.003 -12"><span class='ocrx_word' id='word_1_11' title='bbox 148 290 270 319; x_wconf 83' lang='lat' dir='ltr'><strong>cusas</strong></span> <span class='ocrx_word' id='word_1_12' title='bbox 315 276 536 330; x_wconf 89' lang='lat' dir='ltr'><strong>acciperet.</strong></span> 
     </span>
     <span class='ocr_line' id='line_1_3' title="bbox 148 333 428 376; baseline -0.004 0"><span class='ocrx_word' id='word_1_13' title='bbox 148 348 221 376; x_wconf 88' lang='lat' dir='ltr'><strong>eos</strong></span> <span class='ocrx_word' id='word_1_14' title='bbox 254 333 428 375; x_wconf 87' lang='lat' dir='ltr'><strong>dimisit.</strong></span> 
     </span>
     <span class='ocr_line' id='line_1_4' title="bbox 265 390 1774 449; baseline 0.001 -15"><span class='ocrx_word' id='word_1_15' title='bbox 265 390 495 447; x_wconf 88' lang='lat' dir='ltr'><strong>Campanis</strong></span> <span class='ocrx_word' id='word_1_16' title='bbox 523 393 673 435; x_wconf 90' lang='lat' dir='ltr'><strong>deinde</strong></span> <span class='ocrx_word' id='word_1_17' title='bbox 700 396 873 435; x_wconf 90' lang='lat' dir='ltr'><strong>senatus</strong></span> <span class='ocrx_word' id='word_1_18' title='bbox 900 393 1024 435; x_wconf 90' lang='lat' dir='ltr'><strong>datus</strong></span> <span class='ocrx_word' id='word_1_19' title='bbox 1051 397 1133 449; x_wconf 89' lang='lat' dir='ltr'><strong>est,</strong></span> <span class='ocrx_word' id='word_1_20' title='bbox 1159 409 1339 449; x_wconf 84' lang='lat' dir='ltr'><strong>quorum</strong></span> <span class='ocrx_word' id='word_1_21' title='bbox 1366 395 1504 436; x_wconf 88' lang='lat' dir='ltr'><strong>oratio</strong></span> <span class='ocrx_word' id='word_1_22' title='bbox 1532 394 1702 436; x_wconf 86' lang='lat' dir='ltr'><strong>misera·</strong></span> <span class='ocrx_word' id='word_1_23' title='bbox 1718 394 1774 436; x_wconf 85' lang='lat'><strong>33</strong></span> 
     </span>
     <span class='ocr_line' id='line_1_5' title="bbox 148 450 1749 508; baseline 0.001 -16"><span class='ocrx_word' id='word_1_24' title='bbox 148 450 292 504; x_wconf 86' lang='lat' dir='ltr'><strong>bilior,</strong></span> <span class='ocrx_word' id='word_1_25' title='bbox 331 465 459 493; x_wconf 88' lang='lat' dir='ltr'><strong>causa</strong></span> <span class='ocrx_word' id='word_1_26' title='bbox 490 451 635 494; x_wconf 89' lang='lat' dir='ltr'><strong>durior</strong></span> <span class='ocrx_word' id='word_1_27' title='bbox 667 455 769 493; x_wconf 89' lang='lat' dir='ltr'><strong>erat.</strong></span> <span class='ocrx_word' id='word_1_28' title='bbox 829 465 965 506; x_wconf 90' lang='lat' dir='ltr'><strong>neque</strong></span> <span class='ocrx_word' id='word_1_29' title='bbox 998 452 1110 493; x_wconf 90' lang='lat' dir='ltr'><strong>enim</strong></span> <span class='ocrx_word' id='word_1_30' title='bbox 1147 453 1323 494; x_wconf 86' lang='lat' dir='ltr'><strong>meritas</strong></span> <span class='ocrx_word' id='word_1_31' title='bbox 1355 467 1513 506; x_wconf 88' lang='lat' dir='ltr'><strong>poenas</strong></span> <span class='ocrx_word' id='word_1_32' title='bbox 1545 466 1703 508; x_wconf 83' lang='lat' dir='ltr'><strong>negare</strong></span> <span class='ocrx_word' id='word_1_33' title='bbox 1729 463 1749 494; x_wconf 83' lang='lat'><strong>2</strong></span> 
     </span>
     <span class='ocr_line' id='line_1_6' title="bbox 145 510 1704 564; baseline 0.001 -14"><span class='ocrx_word' id='word_1_34' title='bbox 145 511 347 564; x_wconf 75' lang='lat' dir='ltr'><strong>poterant</strong></span> <span class='ocrx_word' id='word_1_35' title='bbox 383 524 459 552; x_wconf 86' lang='lat' dir='ltr'><strong>nec</strong></span> <span class='ocrx_word' id='word_1_36' title='bbox 498 511 671 564; x_wconf 86' lang='lat' dir='ltr'><strong>tyranni</strong></span> <span class='ocrx_word' id='word_1_37' title='bbox 709 512 847 564; x_wconf 88' lang='lat' dir='ltr'><strong>erant,</strong></span> <span class='ocrx_word' id='word_1_38' title='bbox 890 510 935 551; x_wconf 91' lang='lat' dir='ltr'><strong>in</strong></span> <span class='ocrx_word' id='word_1_39' title='bbox 973 523 1078 563; x_wconf 90' lang='lat' dir='ltr'><strong>quos</strong></span> <span class='ocrx_word' id='word_1_40' title='bbox 1117 510 1285 563; x_wconf 88' lang='lat' dir='ltr'><strong>culpam</strong></span> <span class='ocrx_word' id='word_1_41' title='bbox 1325 511 1585 564; x_wconf 69' lang='lat' dir='ltr'><strong>conferrent,</strong></span> <span class='ocrx_word' id='word_1_42' title='bbox 1630 511 1704 552; x_wconf 90' lang='lat' dir='ltr'><strong>sed</strong></span> 
     </span>
     <span class='ocr_line' id='line_1_7' title="bbox 147 568 1703 624; baseline 0.001 -16"><span class='ocrx_word' id='word_1_43' title='bbox 147 568 252 609; x_wconf 84' lang='lat' dir='ltr'><strong>satis</strong></span> <span class='ocrx_word' id='word_1_44' title='bbox 283 582 463 622; x_wconf 89' lang='lat' dir='ltr'><strong>pensum</strong></span> <span class='ocrx_word' id='word_1_45' title='bbox 495 582 728 623; x_wconf 86' lang='lat' dir='ltr'><strong>poenarum</strong></span> <span class='ocrx_word' id='word_1_46' title='bbox 758 570 827 609; x_wconf 85' lang='lat' dir='ltr'><strong>tot</strong></span> <span class='ocrx_word' id='word_1_47' title='bbox 857 581 1023 609; x_wconf 85' lang='lat' dir='ltr'><strong>veneno</strong></span> <span class='ocrx_word' id='word_1_48' title='bbox 1057 568 1314 622; x_wconf 76' lang='lat' dir='ltr'>absumptis,</span> <span class='ocrx_word' id='word_1_49' title='bbox 1344 571 1413 609; x_wconf 88' lang='lat' dir='ltr'><strong>tot</strong></span> <span class='ocrx_word' id='word_1_50' title='bbox 1444 569 1580 610; x_wconf 87' lang='lat' dir='ltr'><strong>securi</strong></span> <span class='ocrx_word' id='word_1_51' title='bbox 1610 584 1703 624; x_wconf 87' lang='lat' dir='ltr'><strong>per-</strong></span> 
     </span>
     <span class='ocr_line' id='line_1_8' title="bbox 147 625 1749 682; baseline 0.001 -15"><span class='ocrx_word' id='word_1_52' title='bbox 147 626 282 668; x_wconf 77' lang='lat' dir='ltr'><strong>cussis</strong></span> <span class='ocrx_word' id='word_1_53' title='bbox 315 627 584 669; x_wconf 88' lang='lat' dir='ltr'><strong>senatoribus</strong></span> <span class='ocrx_word' id='word_1_54' title='bbox 611 626 854 668; x_wconf 80' lang='lat' dir='ltr'><strong>credebant.</strong></span> <span class='ocrx_word' id='word_1_55' title='bbox 902 639 1062 679; x_wconf 88' lang='lat' dir='ltr'><strong>paucos</strong></span> <span class='ocrx_word' id='word_1_56' title='bbox 1088 625 1297 666; x_wconf 87' lang='lat' dir='ltr'><strong>nobilium</strong></span> <span class='ocrx_word' id='word_1_57' title='bbox 1325 640 1564 680; x_wconf 81' lang='lat' dir='ltr'>superesse,</span> <span class='ocrx_word' id='word_1_58' title='bbox 1597 642 1703 682; x_wconf 89' lang='lat' dir='ltr'><strong>quos</strong></span> <span class='ocrx_word' id='word_1_59' title='bbox 1729 638 1749 669; x_wconf 87' lang='lat'>3</span> 
     </span>
     <span class='ocr_line' id='line_1_9' title="bbox 145 683 1706 739; baseline -0.001 -12"><span class='ocrx_word' id='word_1_60' title='bbox 145 698 223 726; x_wconf 85' lang='lat' dir='ltr'><strong>nec</strong></span> <span class='ocrx_word' id='word_1_61' title='bbox 263 699 339 727; x_wconf 89' lang='lat' dir='ltr'><strong>sua</strong></span> <span class='ocrx_word' id='word_1_62' title='bbox 377 685 655 738; x_wconf 86' lang='lat' dir='ltr'><strong>conscientia,</strong></span> <span class='ocrx_word' id='word_1_63' title='bbox 697 686 745 724; x_wconf 90' lang='lat' dir='ltr'><strong>ut</strong></span> <span class='ocrx_word' id='word_1_64' title='bbox 783 683 1008 738; x_wconf 89' lang='lat' dir='ltr'><strong>quicquam</strong></span> <span class='ocrx_word' id='word_1_65' title='bbox 1046 683 1096 725; x_wconf 90' lang='lat' dir='ltr'><strong>de</strong></span> <span class='ocrx_word' id='word_1_66' title='bbox 1136 698 1179 725; x_wconf 89' lang='lat' dir='ltr'><strong>se</strong></span> <span class='ocrx_word' id='word_1_67' title='bbox 1224 685 1396 739; x_wconf 81' lang='lat' dir='ltr'><strong>gravius</strong></span> <span class='ocrx_word' id='word_1_68' title='bbox 1435 685 1706 726; x_wconf 85' lang='lat' dir='ltr'><strong>consulerent</strong></span> 
     </span>
     <span class='ocr_line' id='line_1_10' title="bbox 145 741 1705 798; baseline 0 -14"><span class='ocrx_word' id='word_1_69' title='bbox 145 744 380 798; x_wconf 85' lang='lat' dir='ltr'><strong>impulerit,</strong></span> <span class='ocrx_word' id='word_1_70' title='bbox 415 757 494 784; x_wconf 90' lang='lat' dir='ltr'><strong>nec</strong></span> <span class='ocrx_word' id='word_1_71' title='bbox 533 742 705 783; x_wconf 86' lang='lat' dir='ltr'><strong>victoris</strong></span> <span class='ocrx_word' id='word_1_72' title='bbox 742 741 807 783; x_wconf 87' lang='lat' dir='ltr'><strong>ira</strong></span> <span class='ocrx_word' id='word_1_73' title='bbox 839 742 992 796; x_wconf 85' lang='lat' dir='ltr'><strong>capitis</strong></span> <span class='ocrx_word' id='word_1_74' title='bbox 1030 742 1312 796; x_wconf 82' lang='lat' dir='ltr'><strong>damnaverit-3</strong></span> <span class='ocrx_word' id='word_1_75' title='bbox 1351 757 1423 784; x_wconf 91' lang='lat' dir='ltr'><strong>eos</strong></span> <span class='ocrx_word' id='word_1_76' title='bbox 1460 743 1705 784; x_wconf 84' lang='lat' dir='ltr'><strong>libertatem</strong></span> 
     </span>
     <span class='ocr_line' id='line_1_11' title="bbox 146 800 1704 856; baseline 0 -13"><span class='ocrx_word' id='word_1_77' title='bbox 146 802 230 843; x_wconf 87' lang='lat' dir='ltr'><strong>sibi</strong></span> <span class='ocrx_word' id='word_1_78' title='bbox 257 802 428 855; x_wconf 88' lang='lat' dir='ltr'><strong>suisque</strong></span> <span class='ocrx_word' id='word_1_79' title='bbox 454 803 498 842; x_wconf 89' lang='lat' dir='ltr'><strong>et</strong></span> <span class='ocrx_word' id='word_1_80' title='bbox 528 800 739 841; x_wconf 88' lang='lat' dir='ltr'><strong>bonorum</strong></span> <span class='ocrx_word' id='word_1_81' title='bbox 766 800 953 855; x_wconf 83' lang='lat' dir='ltr'><strong>aliquam</strong></span> <span class='ocrx_word' id='word_1_82' title='bbox 984 805 1153 855; x_wconf 87' lang='lat' dir='ltr'><strong>partem</strong></span> <span class='ocrx_word' id='word_1_83' title='bbox 1180 815 1319 856; x_wconf 87' lang='lat' dir='ltr'><strong>orare,</strong></span> <span class='ocrx_word' id='word_1_84' title='bbox 1350 801 1463 843; x_wconf 84' lang='lat' dir='ltr'><strong>cives</strong></span> <span class='ocrx_word' id='word_1_85' title='bbox 1484 801 1704 843; x_wconf 85' lang='lat' dir='ltr'><strong>Romanos</strong></span> 
     </span>
     <span class='ocr_line' id='line_1_12' title="bbox 146 859 1705 915; baseline 0 -14"><span class='ocrx_word' id='word_1_86' title='bbox 146 859 438 901; x_wconf 88' lang='lat' dir='ltr'><strong>adfinitatibus</strong></span> <span class='ocrx_word' id='word_1_87' title='bbox 475 859 701 913; x_wconf 87' lang='lat' dir='ltr'><strong>plerosque</strong></span> <span class='ocrx_word' id='word_1_88' title='bbox 741 862 783 900; x_wconf 90' lang='lat' dir='ltr'><strong>et</strong></span> <span class='ocrx_word' id='word_1_89' title='bbox 823 859 1075 913; x_wconf 86' lang='lat' dir='ltr'><strong>propinquis</strong></span> <span class='ocrx_word' id='word_1_90' title='bbox 1113 860 1242 901; x_wconf 87' lang='lat' dir='ltr'><strong>etiam</strong></span> <span class='ocrx_word' id='word_1_91' title='bbox 1280 860 1609 915; x_wconf 73' lang='lat' dir='ltr'><strong>cognationibus</strong></span> <span class='ocrx_word' id='word_1_92' title='bbox 1654 874 1705 901; x_wconf 81' lang='lat' dir='ltr'><strong>ex</strong></span> 
     </span>
     <span class='ocr_line' id='line_1_13' title="bbox 146 917 1752 973; baseline -0.001 -13"><span class='ocrx_word' id='word_1_93' title='bbox 146 918 328 960; x_wconf 85' lang='lat' dir='ltr'><strong>conubio</strong></span> <span class='ocrx_word' id='word_1_94' title='bbox 360 920 529 959; x_wconf 84' lang='lat' dir='ltr'><strong>vetusto</strong></span> <span class='ocrx_word' id='word_1_95' title='bbox 562 917 745 959; x_wconf 88' lang='lat' dir='ltr'><strong>iunctos.</strong></span> <span class='ocrx_word' id='word_1_96' title='bbox 805 918 1028 960; x_wconf 86' lang='lat' dir='ltr'><strong>summotis</strong></span> <span class='ocrx_word' id='word_1_97' title='bbox 1061 917 1210 959; x_wconf 87' lang='lat' dir='ltr'><strong>deinde</strong></span> <span class='ocrx_word' id='word_1_98' title='bbox 1243 933 1264 960; x_wconf 89' lang='lat' dir='ltr'><strong>e</strong></span> <span class='ocrx_word' id='word_1_99' title='bbox 1295 919 1457 973; x_wconf 86' lang='lat' dir='ltr'><strong>templo</strong></span> <span class='ocrx_word' id='word_1_100' title='bbox 1489 919 1705 973; x_wconf 85' lang='lat' dir='ltr'><strong>paulisper</strong></span> <span class='ocrx_word' id='word_1_101' title='bbox 1730 930 1752 959; x_wconf 82' lang='grc'>4</span> 
     </span>
     <span class='ocr_line' id='line_1_14' title="bbox 145 974 1704 1031; baseline 0.001 -14"><span class='ocrx_word' id='word_1_102' title='bbox 145 976 402 1029; x_wconf 72' lang='lat' dir='ltr'><strong>dubitatum,</strong></span> <span class='ocrx_word' id='word_1_103' title='bbox 434 990 490 1017; x_wconf 90' lang='lat' dir='ltr'><strong>an</strong></span> <span class='ocrx_word' id='word_1_104' title='bbox 517 976 792 1017; x_wconf 86' lang='lat' dir='ltr'><strong>arcessendus</strong></span> <span class='ocrx_word' id='word_1_105' title='bbox 820 991 845 1016; x_wconf 90' lang='lat' dir='ltr'><strong>a</strong></span> <span class='ocrx_word' id='word_1_106' title='bbox 865 974 1012 1031; x_wconf 87' lang='lat' dir='ltr'><strong>Capua</strong></span> <span class='ocrx_word' id='word_1_107' title='bbox 1033 975 1079 1025; x_wconf 84' lang='lat' dir='ltr'><strong>Q.</strong></span> <span class='ocrx_word' id='word_1_108' title='bbox 1099 975 1274 1017; x_wconf 89' lang='lat' dir='ltr'><strong>Fulvius</strong></span> <span class='ocrx_word' id='word_1_109' title='bbox 1302 979 1414 1018; x_wconf 89' lang='lat' dir='ltr'><strong>esset</strong></span> <span class='ocrx_word' id='word_1_110' title='bbox 1437 1001 1486 1006; x_wconf 91' lang='lat'><strong>——</strong></span> <span class='ocrx_word' id='word_1_111' title='bbox 1510 979 1704 1019; x_wconf 88' lang='lat' dir='ltr'><strong>mortuus</strong></span> 
     </span>
     <span class='ocr_line' id='line_1_15' title="bbox 143 1033 1704 1089; baseline 0 -13"><span class='ocrx_word' id='word_1_112' title='bbox 143 1034 256 1076; x_wconf 85' lang='lat' dir='ltr'><strong>enim</strong></span> <span class='ocrx_word' id='word_1_113' title='bbox 287 1038 387 1089; x_wconf 87' lang='lat' dir='ltr'><strong>post</strong></span> <span class='ocrx_word' id='word_1_114' title='bbox 418 1037 589 1089; x_wconf 90' lang='lat' dir='ltr'><strong>captam</strong></span> <span class='ocrx_word' id='word_1_115' title='bbox 620 1033 823 1076; x_wconf 85' lang='lat' dir='ltr'><strong>Claudius</strong></span> <span class='ocrx_word' id='word_1_116' title='bbox 856 1036 1005 1076; x_wconf 85' lang='lat' dir='ltr'><strong>consul</strong></span> <span class='ocrx_word' id='word_1_117' title='bbox 1038 1038 1131 1076; x_wconf 88' lang='lat' dir='ltr'><strong>erat</strong></span> <span class='ocrx_word' id='word_1_118' title='bbox 1167 1060 1236 1088; x_wconf 91' lang='lat'><strong>—,</strong></span> <span class='ocrx_word' id='word_1_119' title='bbox 1267 1038 1316 1076; x_wconf 91' lang='lat' dir='ltr'><strong>ut</strong></span> <span class='ocrx_word' id='word_1_120' title='bbox 1348 1049 1491 1077; x_wconf 88' lang='lat' dir='ltr'><strong>coram</strong></span> <span class='ocrx_word' id='word_1_121' title='bbox 1523 1036 1704 1089; x_wconf 86' lang='lat' dir='ltr'><strong>impera-</strong></span> 
     </span>
     <span class='ocr_line' id='line_1_16' title="bbox 142 1092 1705 1148; baseline 0 -14"><span class='ocrx_word' id='word_1_122' title='bbox 142 1095 255 1147; x_wconf 89' lang='lat' dir='ltr'><strong>tore,</strong></span> <span class='ocrx_word' id='word_1_123' title='bbox 295 1094 367 1148; x_wconf 89' lang='lat' dir='ltr'><strong>qui</strong></span> <span class='ocrx_word' id='word_1_124' title='bbox 405 1108 473 1135; x_wconf 87' lang='lat' dir='ltr'><strong>res</strong></span> <span class='ocrx_word' id='word_1_125' title='bbox 512 1093 733 1148; x_wconf 82' lang='lat' dir='ltr'><strong>gessisset,</strong></span> <span class='ocrx_word' id='word_1_126' title='bbox 772 1094 883 1134; x_wconf 90' lang='lat' dir='ltr'><strong>sicut</strong></span> <span class='ocrx_word' id='word_1_127' title='bbox 919 1093 1032 1135; x_wconf 82' lang='lat' dir='ltr'><strong>inter</strong></span> <span class='ocrx_word' id='word_1_128' title='bbox 1069 1093 1319 1135; x_wconf 80' lang='lat' dir='ltr'><strong>Marcellum</strong></span> <span class='ocrx_word' id='word_1_129' title='bbox 1359 1092 1608 1148; x_wconf 85' lang='lat' dir='ltr'><strong>Siculosque</strong></span> <span class='ocrx_word' id='word_1_130' title='bbox 1645 1094 1705 1134; x_wconf 90' lang='lat' dir='ltr'><strong>di-</strong></span> 
     </span>
     <span class='ocr_line' id='line_1_17' title="bbox 145 1151 1750 1206; baseline 0.001 -13"><span class='ocrx_word' id='word_1_131' title='bbox 145 1154 386 1206; x_wconf 87' lang='lat' dir='ltr'><strong>sceptatum</strong></span> <span class='ocrx_word' id='word_1_132' title='bbox 416 1152 572 1206; x_wconf 84' lang='lat' dir='ltr'><strong>fuerat,</strong></span> <span class='ocrx_word' id='word_1_133' title='bbox 606 1152 925 1206; x_wconf 81' lang='lat' dir='ltr'><strong>disceptaretur.</strong></span> <span class='ocrx_word' id='word_1_134' title='bbox 983 1152 1080 1193; x_wconf 87' lang='lat' dir='ltr'><strong>dein</strong></span> <span class='ocrx_word' id='word_1_135' title='bbox 1112 1167 1206 1194; x_wconf 87' lang='lat' dir='ltr'><strong>cum</strong></span> <span class='ocrx_word' id='word_1_136' title='bbox 1235 1151 1292 1193; x_wconf 85' lang='lat' dir='ltr'><strong>M.</strong></span> <span class='ocrx_word' id='word_1_137' title='bbox 1319 1151 1501 1194; x_wconf 88' lang='lat' dir='ltr'><strong>Atilium</strong></span> <span class='ocrx_word' id='word_1_138' title='bbox 1535 1151 1580 1193; x_wconf 94' lang='lat' dir='ltr'><strong>C.</strong></span> <span class='ocrx_word' id='word_1_139' title='bbox 1606 1151 1703 1193; x_wconf 87' lang='lat' dir='ltr'><strong>Ful·</strong></span> <span class='ocrx_word' id='word_1_140' title='bbox 1730 1163 1750 1194; x_wconf 86' lang='lat'>5</span> 
     </span>
     <span class='ocr_line' id='line_1_18' title="bbox 144 1210 1705 1265; baseline 0.001 -14"><span class='ocrx_word' id='word_1_141' title='bbox 144 1210 260 1252; x_wconf 88' lang='lat' dir='ltr'><strong>vium</strong></span> <span class='ocrx_word' id='word_1_142' title='bbox 292 1211 471 1252; x_wconf 86' lang='lat' dir='ltr'><strong>fratrem</strong></span> <span class='ocrx_word' id='word_1_143' title='bbox 502 1210 664 1264; x_wconf 85' lang='lat' dir='ltr'><strong>Flacci,</strong></span> <span class='ocrx_word' id='word_1_144' title='bbox 694 1211 862 1265; x_wconf 85' lang='lat' dir='ltr'><strong>legatos</strong></span> <span class='ocrx_word' id='word_1_145' title='bbox 895 1211 1003 1264; x_wconf 80' lang='lat' dir='ltr'><strong>eius,</strong></span> <span class='ocrx_word' id='word_1_146' title='bbox 1036 1225 1083 1253; x_wconf 89' lang='lat' dir='ltr'><strong>ac</strong></span> <span class='ocrx_word' id='word_1_147' title='bbox 1105 1211 1151 1260; x_wconf 84' lang='lat' dir='ltr'><strong>Q.</strong></span> <span class='ocrx_word' id='word_1_148' title='bbox 1171 1210 1407 1252; x_wconf 87' lang='lat' dir='ltr'><strong>Minucium</strong></span> <span class='ocrx_word' id='word_1_149' title='bbox 1440 1214 1483 1252; x_wconf 85' lang='lat' dir='ltr'><strong>et</strong></span> <span class='ocrx_word' id='word_1_150' title='bbox 1507 1210 1554 1251; x_wconf 90' lang='lat' dir='ltr'><strong>L.</strong></span> <span class='ocrx_word' id='word_1_151' title='bbox 1573 1210 1705 1252; x_wconf 86' lang='lat' dir='ltr'><strong>Vetu-</strong></span> 
     </span>
     <span class='ocr_line' id='line_1_19' title="bbox 143 1268 1705 1324; baseline 0 -14"><span class='ocrx_word' id='word_1_152' title='bbox 143 1269 255 1310; x_wconf 86' lang='lat' dir='ltr'><strong>rium</strong></span> <span class='ocrx_word' id='word_1_153' title='bbox 290 1268 531 1323; x_wconf 87' lang='lat' dir='ltr'><strong>Philonem,</strong></span> <span class='ocrx_word' id='word_1_154' title='bbox 575 1269 678 1310; x_wconf 88' lang='lat' dir='ltr'><strong>item</strong></span> <span class='ocrx_word' id='word_1_155' title='bbox 717 1268 884 1311; x_wconf 81' lang='lat' dir='ltr'><strong>Claudii</strong></span> <span class='ocrx_word' id='word_1_156' title='bbox 928 1269 1115 1324; x_wconf 86' lang='lat' dir='ltr'><strong>legatos,</strong></span> <span class='ocrx_word' id='word_1_157' title='bbox 1160 1271 1231 1324; x_wconf 88' lang='lat' dir='ltr'><strong>qui</strong></span> <span class='ocrx_word' id='word_1_158' title='bbox 1270 1270 1468 1311; x_wconf 88' lang='lat' dir='ltr'><strong>omnibus</strong></span> <span class='ocrx_word' id='word_1_159' title='bbox 1507 1269 1705 1324; x_wconf 83' lang='lat' dir='ltr'><strong>gerendis</strong></span> 
     </span>
     <span class='ocr_line' id='line_1_20' title="bbox 144 1327 1706 1382; baseline 0 -13"><span class='ocrx_word' id='word_1_160' title='bbox 144 1328 269 1369; x_wconf 88' lang='lat' dir='ltr'><strong>rebus</strong></span> <span class='ocrx_word' id='word_1_161' title='bbox 309 1328 551 1382; x_wconf 87' lang='lat' dir='ltr'><strong>adfuerant,</strong></span> <span class='ocrx_word' id='word_1_162' title='bbox 591 1328 636 1368; x_wconf 90' lang='lat' dir='ltr'><strong>in</strong></span> <span class='ocrx_word' id='word_1_163' title='bbox 675 1330 825 1369; x_wconf 88' lang='lat' dir='ltr'><strong>senatu</strong></span> <span class='ocrx_word' id='word_1_164' title='bbox 864 1327 1077 1382; x_wconf 79' lang='lat' dir='ltr'><strong>viderent,</strong></span> <span class='ocrx_word' id='word_1_165' title='bbox 1120 1342 1198 1369; x_wconf 85' lang='lat' dir='ltr'><strong>neo</strong></span> <span class='ocrx_word' id='word_1_166' title='bbox 1234 1327 1432 1369; x_wconf 85' lang='lat' dir='ltr'><strong>Fulvium</strong></span> <span class='ocrx_word' id='word_1_167' title='bbox 1472 1328 1644 1369; x_wconf 86' lang='lat' dir='ltr'><strong>avocari</strong></span> <span class='ocrx_word' id='word_1_168' title='bbox 1681 1343 1706 1369; x_wconf 91' lang='lat' dir='ltr'><strong>a</strong></span> 
     </span>
     <span class='ocr_line' id='line_1_21' title="bbox 146 1384 1704 1442; baseline -0.001 -14"><span class='ocrx_word' id='word_1_169' title='bbox 146 1385 295 1442; x_wconf 83' lang='lat' dir='ltr'><strong>Capua</strong></span> <span class='ocrx_word' id='word_1_170' title='bbox 324 1400 402 1428; x_wconf 89' lang='lat' dir='ltr'><strong>nec</strong></span> <span class='ocrx_word' id='word_1_171' title='bbox 434 1386 594 1428; x_wconf 83' lang='lat' dir='ltr'><strong>differri</strong></span> <span class='ocrx_word' id='word_1_172' title='bbox 629 1384 873 1440; x_wconf 90' lang='lat' dir='ltr'><strong>Campanos</strong></span> <span class='ocrx_word' id='word_1_173' title='bbox 905 1387 1083 1441; x_wconf 84' lang='lat' dir='ltr'><strong>vellent,</strong></span> <span class='ocrx_word' id='word_1_174' title='bbox 1120 1387 1415 1442; x_wconf 83' lang='lat' dir='ltr'><strong>interrogatus</strong></span> <span class='ocrx_word' id='word_1_175' title='bbox 1448 1386 1704 1428; x_wconf 85' lang='lat' dir='ltr'><strong>sententiam</strong></span> 
     </span>
     <span class='ocr_line' id='line_1_22' title="bbox 143 1444 1751 1500; baseline 0 -14"><span class='ocrx_word' id='word_1_176' title='bbox 143 1444 199 1487; x_wconf 89' lang='lat' dir='ltr'><strong>M.</strong></span> <span class='ocrx_word' id='word_1_177' title='bbox 243 1445 401 1486; x_wconf 81' lang='lat' dir='ltr'><strong>Atilius</strong></span> <span class='ocrx_word' id='word_1_178' title='bbox 445 1444 653 1500; x_wconf 81' lang='lat' dir='ltr'><strong>ReguluS,</strong></span> <span class='ocrx_word' id='word_1_179' title='bbox 699 1445 818 1486; x_wconf 89' lang='lat' dir='ltr'><strong>cuius</strong></span> <span class='ocrx_word' id='word_1_180' title='bbox 863 1459 913 1486; x_wconf 83' lang='lat' dir='ltr'><strong>ex</strong></span> <span class='ocrx_word' id='word_1_181' title='bbox 957 1445 1026 1499; x_wconf 86' lang='lat' dir='ltr'><strong>iis,</strong></span> <span class='ocrx_word' id='word_1_182' title='bbox 1077 1446 1148 1500; x_wconf 87' lang='lat' dir='ltr'><strong>qui</strong></span> <span class='ocrx_word' id='word_1_183' title='bbox 1192 1445 1244 1486; x_wconf 87' lang='lat' dir='ltr'><strong>ad</strong></span> <span class='ocrx_word' id='word_1_184' title='bbox 1288 1444 1480 1500; x_wconf 87' lang='lat' dir='ltr'><strong>Capuam</strong></span> <span class='ocrx_word' id='word_1_185' title='bbox 1523 1445 1706 1499; x_wconf 86' lang='lat' dir='ltr'><strong>fuerant,</strong></span> <span class='ocrx_word' id='word_1_186' title='bbox 1731 1455 1751 1486; x_wconf 82' lang='lat'>6</span> 
     </span>
    </p>
   </div>
   <div class='ocr_carea' id='block_1_3' title="bbox 603 277 1703 332">
    <p class='ocr_par' dir='ltr' id='par_1_3' title="bbox 603 277 1703 332">
     <span class='ocr_line' id='line_1_23' title="bbox 603 277 1703 332; baseline 0.001 -13"><span class='ocrx_word' id='word_1_187' title='bbox 603 277 812 331; x_wconf 86' lang='lat' dir='ltr'><strong>pollicens</strong></span> <span class='ocrx_word' id='word_1_188' title='bbox 861 277 944 319; x_wconf 90' lang='lat' dir='ltr'><strong>hoc</strong></span> <span class='ocrx_word' id='word_1_189' title='bbox 994 277 1142 319; x_wconf 88' lang='lat' dir='ltr'><strong>consul</strong></span> <span class='ocrx_word' id='word_1_190' title='bbox 1186 277 1415 320; x_wconf 87' lang='lat' dir='ltr'><strong>clementer</strong></span> <span class='ocrx_word' id='word_1_191' title='bbox 1465 277 1703 332; x_wconf 88' lang='lat' dir='ltr'><strong>appellatos</strong></span> 
     </span>
    </p>
   </div>
   <div class='ocr_carea' id='block_1_4' title="bbox 143 1559 890 1957">
    <p class='ocr_par' dir='ltr' id='par_1_4' title="bbox 143 1559 888 1830">
     <span class='ocr_line' id='line_1_24' title="bbox 145 1559 888 1596; baseline 0 -2"><span class='ocrx_word' id='word_1_192' title='bbox 145 1559 226 1595; x_wconf 88' lang='lat' dir='ltr'><strong>Zeit</strong></span> <span class='ocrx_word' id='word_1_193' title='bbox 256 1560 320 1595; x_wconf 88' lang='lat' dir='ltr'><strong>des</strong></span> <span class='ocrx_word' id='word_1_194' title='bbox 353 1559 479 1595; x_wconf 84' lang='lat' dir='ltr'><strong>Cicero</strong></span> <span class='ocrx_word' id='word_1_195' title='bbox 516 1559 597 1594; x_wconf 85' lang='lat' dir='ltr'><strong>sind</strong></span> <span class='ocrx_word' id='word_1_196' title='bbox 630 1560 784 1596; x_wconf 87' lang='lat' dir='ltr'><strong>Statuen</strong></span> <span class='ocrx_word' id='word_1_197' title='bbox 823 1560 888 1595; x_wconf 87' lang='lat' dir='ltr'><strong>der</strong></span> 
     </span>
     <span class='ocr_line' id='line_1_25' title="bbox 144 1606 888 1642; baseline 0 -1"><span class='ocrx_word' id='word_1_198' title='bbox 144 1606 340 1642; x_wconf 85' lang='lat' dir='ltr'><strong>Marceller</strong></span> <span class='ocrx_word' id='word_1_199' title='bbox 367 1607 405 1642; x_wconf 86' lang='lat' dir='ltr'><strong>in</strong></span> <span class='ocrx_word' id='word_1_200' title='bbox 437 1607 509 1642; x_wconf 88' lang='lat' dir='ltr'><strong>den</strong></span> <span class='ocrx_word' id='word_1_201' title='bbox 536 1606 693 1642; x_wconf 79' lang='lat' dir='ltr'><strong>St&#39;adten</strong></span> <span class='ocrx_word' id='word_1_202' title='bbox 720 1606 888 1642; x_wconf 88' lang='lat' dir='ltr'><strong>Siciliens</strong></span> 
     </span>
     <span class='ocr_line' id='line_1_26' title="bbox 145 1653 887 1700; baseline 0 -11"><span class='ocrx_word' id='word_1_203' title='bbox 145 1653 396 1700; x_wconf 67' lang='lat' dir='ltr'><strong>gewbhnlich3</strong></span> <span class='ocrx_word' id='word_1_204' title='bbox 433 1654 472 1688; x_wconf 90' lang='lat' dir='ltr'><strong>in</strong></span> <span class='ocrx_word' id='word_1_205' title='bbox 510 1654 612 1689; x_wconf 87' lang='lat' dir='ltr'><strong>Verr.</strong></span> <span class='ocrx_word' id='word_1_206' title='bbox 652 1654 714 1698; x_wconf 87' lang='lat' dir='ltr'><strong>1V,</strong></span> <span class='ocrx_word' id='word_1_207' title='bbox 752 1658 808 1698; x_wconf 92' lang='lat'><strong>40,</strong></span> <span class='ocrx_word' id='word_1_208' title='bbox 843 1657 887 1689; x_wconf 88' lang='grc'><strong>86</strong></span> 
     </span>
     <span class='ocr_line' id='line_1_27' title="bbox 143 1701 887 1744; baseline 0 -9"><span class='ocrx_word' id='word_1_209' title='bbox 143 1704 230 1736; x_wconf 76' lang='lat' dir='ltr'><strong>sunt</strong></span> <span class='ocrx_word' id='word_1_210' title='bbox 247 1701 362 1736; x_wconf 84' lang='lat' dir='ltr'><strong>medio</strong></span> <span class='ocrx_word' id='word_1_211' title='bbox 383 1702 423 1735; x_wconf 78' lang='lat' dir='ltr'><strong>iu</strong></span> <span class='ocrx_word' id='word_1_212' title='bbox 441 1702 522 1744; x_wconf 80' lang='lat' dir='ltr'><strong>foro</strong></span> <span class='ocrx_word' id='word_1_213' title='bbox 536 1701 796 1736; x_wconf 79' lang='lat' dir='ltr'><strong>Marcellorum</strong></span> <span class='ocrx_word' id='word_1_214' title='bbox 816 1704 887 1735; x_wconf 83' lang='lat' dir='ltr'><strong>sta-</strong></span> 
     </span>
     <span class='ocr_line' id='line_1_28' title="bbox 143 1748 888 1792; baseline 0 -10"><span class='ocrx_word' id='word_1_215' title='bbox 143 1750 245 1790; x_wconf 83' lang='lat' dir='ltr'><strong>tuae,</strong></span> <span class='ocrx_word' id='word_1_216' title='bbox 275 1748 369 1783; x_wconf 79' lang='lat' dir='ltr'><strong>sieut</strong></span> <span class='ocrx_word' id='word_1_217' title='bbox 405 1748 478 1791; x_wconf 77' lang='lat' dir='ltr'><strong>fere</strong></span> <span class='ocrx_word' id='word_1_218' title='bbox 509 1749 631 1783; x_wconf 78' lang='lat' dir='ltr'><strong>ceteris</strong></span> <span class='ocrx_word' id='word_1_219' title='bbox 668 1749 708 1782; x_wconf 77' lang='lat' dir='ltr'><strong>iu</strong></span> <span class='ocrx_word' id='word_1_220' title='bbox 744 1748 888 1792; x_wconf 75' lang='lat' dir='ltr'><strong>oppidis</strong></span> 
     </span>
     <span class='ocr_line' id='line_1_29' title="bbox 145 1793 304 1830; baseline 0 -1"><span class='ocrx_word' id='word_1_221' title='bbox 145 1793 304 1830; x_wconf 75' lang='lat' dir='ltr'><strong>Siciliae.</strong></span> 
     </span>
    </p>

    <p class='ocr_par' dir='ltr' id='par_1_5' title="bbox 144 1863 890 1957">
     <span class='ocr_line' id='line_1_30' title="bbox 193 1863 890 1910; baseline 0 -11"><span class='ocrx_word' id='word_1_222' title='bbox 193 1875 222 1899; x_wconf 84' lang='lat' dir='ltr'><strong>c.</strong></span> <span class='ocrx_word' id='word_1_223' title='bbox 242 1863 403 1900; x_wconf 80' lang='lat'><strong>33—34.</strong></span> <span class='ocrx_word' id='word_1_224' title='bbox 441 1863 653 1910; x_wconf 87' lang='lat' dir='ltr'><strong>Ordnung</strong></span> <span class='ocrx_word' id='word_1_225' title='bbox 679 1866 754 1900; x_wconf 89' lang='lat' dir='ltr'><strong>der</strong></span> <span class='ocrx_word' id='word_1_226' title='bbox 776 1876 890 1900; x_wconf 82' lang='lat' dir='ltr'><strong>cam-</strong></span> 
     </span>
     <span class='ocr_line' id='line_1_31' title="bbox 144 1911 856 1957; baseline 0.001 -11"><span class='ocrx_word' id='word_1_227' title='bbox 144 1911 274 1957; x_wconf 88' lang='lat' dir='ltr'><strong>panis</strong></span> <span class='ocrx_word' id='word_1_228' title='bbox 286 1912 394 1946; x_wconf 91' lang='lat' dir='ltr'><strong>chen</strong></span> <span class='ocrx_word' id='word_1_229' title='bbox 420 1912 856 1957; x_wconf 86' lang='lat' dir='ltr'><strong>Angelegenheiten.</strong></span> 
     </span>
    </p>
   </div>
   <div class='ocr_carea' id='block_1_5' title="bbox 142 1970 889 2343">
    <p class='ocr_par' dir='ltr' id='par_1_6' title="bbox 142 1970 889 2156">
     <span class='ocr_line' id='line_1_32' title="bbox 192 1970 887 2016; baseline 0.001 -11"><span class='ocrx_word' id='word_1_230' title='bbox 192 1974 223 2005; x_wconf 82' lang='grc'><strong>2.</strong></span> <span class='ocrx_word' id='word_1_231' title='bbox 262 1973 314 2004; x_wconf 83' lang='lat' dir='ltr'><strong>tot</strong></span> <span class='ocrx_word' id='word_1_232' title='bbox 344 1971 497 2016; x_wconf 73' lang='lat' dir='ltr'><strong>veneno]</strong></span> <span class='ocrx_word' id='word_1_233' title='bbox 530 1970 580 2005; x_wconf 89' lang='lat' dir='ltr'><strong>im</strong></span> <span class='ocrx_word' id='word_1_234' title='bbox 614 1971 763 2006; x_wconf 80' lang='lat' dir='ltr'><strong>Ganzen</strong></span> <span class='ocrx_word' id='word_1_235' title='bbox 794 1972 887 2006; x_wconf 85' lang='lat' dir='ltr'><strong>nach</strong></span> 
     </span>
     <span class='ocr_line' id='line_1_33' title="bbox 145 2018 889 2053; baseline 0.001 -1"><span class='ocrx_word' id='word_1_236' title='bbox 145 2028 175 2052; x_wconf 88' lang='lat' dir='ltr'><strong>c.</strong></span> <span class='ocrx_word' id='word_1_237' title='bbox 209 2021 252 2051; x_wconf 85' lang='lat'><strong>15</strong></span> <span class='ocrx_word' id='word_1_238' title='bbox 290 2028 414 2052; x_wconf 86' lang='lat' dir='ltr'><strong>waren</strong></span> <span class='ocrx_word' id='word_1_239' title='bbox 451 2018 542 2053; x_wconf 80' lang='lat' dir='ltr'><strong>fiber</strong></span> <span class='ocrx_word' id='word_1_240' title='bbox 581 2021 647 2052; x_wconf 89' lang='lat'><strong>100</strong></span> <span class='ocrx_word' id='word_1_241' title='bbox 684 2019 769 2053; x_wconf 86' lang='lat' dir='ltr'><strong>teils</strong></span> <span class='ocrx_word' id='word_1_242' title='bbox 806 2019 889 2053; x_wconf 86' lang='lat' dir='ltr'><strong>frei-</strong></span> 
     </span>
     <span class='ocr_line' id='line_1_34' title="bbox 144 2063 889 2110; baseline 0.003 -12"><span class='ocrx_word' id='word_1_243' title='bbox 144 2063 278 2108; x_wconf 81' lang='lat' dir='ltr'><strong>willig,</strong></span> <span class='ocrx_word' id='word_1_244' title='bbox 323 2064 407 2099; x_wconf 84' lang='lat' dir='ltr'><strong>teils</strong></span> <span class='ocrx_word' id='word_1_245' title='bbox 429 2064 517 2106; x_wconf 45' lang='lat' dir='ltr'><strong>,auf</strong></span> <span class='ocrx_word' id='word_1_246' title='bbox 553 2064 782 2110; x_wconf 87' lang='lat' dir='ltr'><strong>Anordnung</strong></span> <span class='ocrx_word' id='word_1_247' title='bbox 826 2066 889 2100; x_wconf 87' lang='lat' dir='ltr'><strong>des</strong></span> 
     </span>
     <span class='ocr_line' id='line_1_35' title="bbox 142 2110 474 2156; baseline 0.003 -11"><span class='ocrx_word' id='word_1_248' title='bbox 142 2110 295 2145; x_wconf 83' lang='lat' dir='ltr'><strong>Fulvius</strong></span> <span class='ocrx_word' id='word_1_249' title='bbox 321 2112 474 2156; x_wconf 72' lang='lat' dir='ltr'><strong>getotet.</strong></span> 
     </span>
    </p>

    <p class='ocr_par' dir='ltr' id='par_1_7' title="bbox 145 2157 889 2343">
     <span class='ocr_line' id='line_1_36' title="bbox 192 2157 889 2204; baseline 0.001 -12"><span class='ocrx_word' id='word_1_250' title='bbox 192 2157 408 2203; x_wconf 77' lang='lat' dir='ltr'><strong>absumptis]</strong></span> <span class='ocrx_word' id='word_1_251' title='bbox 442 2158 680 2204; x_wconf 76' lang='lat' dir='ltr'><strong>regelm&#39;assig</strong></span> <span class='ocrx_word' id='word_1_252' title='bbox 719 2170 790 2194; x_wconf 89' lang='lat' dir='ltr'><strong>von</strong></span> <span class='ocrx_word' id='word_1_253' title='bbox 825 2170 889 2204; x_wconf 87' lang='lat' dir='ltr'><strong>ge-</strong></span> 
     </span>
     <span class='ocr_line' id='line_1_37' title="bbox 145 2205 888 2248; baseline 0.003 -10"><span class='ocrx_word' id='word_1_254' title='bbox 145 2205 363 2239; x_wconf 80' lang='lat' dir='ltr'><strong>waltsamen</strong></span> <span class='ocrx_word' id='word_1_255' title='bbox 389 2205 625 2241; x_wconf 87' lang='lat' dir='ltr'><strong>Todesarten.</strong></span> <span class='ocrx_word' id='word_1_256' title='bbox 666 2207 753 2241; x_wconf 90' lang='lat' dir='ltr'><strong>bello</strong></span> <span class='ocrx_word' id='word_1_257' title='bbox 775 2205 836 2248; x_wconf 83' lang='lat'><strong>31,</strong></span> <span class='ocrx_word' id='word_1_258' title='bbox 858 2210 888 2248; x_wconf 87' lang='lat'><strong>7,</strong></span> 
     </span>
     <span class='ocr_line' id='line_1_38' title="bbox 148 2251 889 2296; baseline 0.004 -11"><span class='ocrx_word' id='word_1_259' title='bbox 148 2255 203 2286; x_wconf 91' lang='lat'><strong>10.</strong></span> <span class='ocrx_word' id='word_1_260' title='bbox 229 2252 397 2287; x_wconf 77' lang='lat' dir='ltr'><strong>incendio</strong></span> <span class='ocrx_word' id='word_1_261' title='bbox 411 2251 470 2296; x_wconf 79' lang='lat'><strong>35,</strong></span> <span class='ocrx_word' id='word_1_262' title='bbox 487 2256 542 2294; x_wconf 80' lang='lat'><strong>27,</strong></span> <span class='ocrx_word' id='word_1_263' title='bbox 559 2257 588 2287; x_wconf 84' lang='lat'><strong>7.</strong></span> <span class='ocrx_word' id='word_1_264' title='bbox 614 2254 768 2296; x_wconf 83' lang='lat' dir='ltr'><strong>proelio,</strong></span> <span class='ocrx_word' id='word_1_265' title='bbox 788 2253 889 2295; x_wconf 70' lang='lat' dir='ltr'><strong>fumo</strong></span> 
     </span>
     <span class='ocr_line' id='line_1_39' title="bbox 147 2299 702 2343; baseline 0.004 -11"><span class='ocrx_word' id='word_1_266' title='bbox 147 2308 192 2333; x_wconf 81' lang='lat' dir='ltr'><strong>ae</strong></span> <span class='ocrx_word' id='word_1_267' title='bbox 215 2308 364 2342; x_wconf 74' lang='lat' dir='ltr'><strong>vapore,</strong></span> <span class='ocrx_word' id='word_1_268' title='bbox 389 2299 526 2343; x_wconf 70' lang='lat' dir='ltr'><strong>friqore</strong></span> <span class='ocrx_word' id='word_1_269' title='bbox 551 2300 702 2335; x_wconf 82' lang='lat' dir='ltr'><strong>absumi.</strong></span> 
     </span>
    </p>
   </div>
   <div class='ocr_carea' id='block_1_6' title="bbox 145 2357 892 2965">
    <p class='ocr_par' dir='ltr' id='par_1_8' title="bbox 145 2357 890 2672">
     <span class='ocr_line' id='line_1_40' title="bbox 195 2357 886 2404; baseline 0.006 -14"><span class='ocrx_word' id='word_1_270' title='bbox 195 2360 226 2390; x_wconf 83' lang='lat'><strong>3.</strong></span> <span class='ocrx_word' id='word_1_271' title='bbox 271 2357 314 2391; x_wconf 80' lang='lat' dir='ltr'><strong>de</strong></span> <span class='ocrx_word' id='word_1_272' title='bbox 361 2367 396 2392; x_wconf 87' lang='lat' dir='ltr'><strong>se</strong></span> <span class='ocrx_word' id='word_1_273' title='bbox 443 2359 594 2402; x_wconf 72' lang='lat' dir='ltr'><strong>yravius</strong></span> <span class='ocrx_word' id='word_1_274' title='bbox 644 2359 886 2404; x_wconf 77' lang='lat' dir='ltr'><strong>consulerent]</strong></span> 
     </span>
     <span class='ocr_line' id='line_1_41' title="bbox 148 2403 889 2448; baseline 0.004 -10"><span class='ocrx_word' id='word_1_275' title='bbox 148 2403 439 2448; x_wconf 79' lang='lat' dir='ltr'><strong>euphemistisch</strong></span> <span class='ocrx_word' id='word_1_276' title='bbox 463 2403 522 2438; x_wconf 72' lang='lat' dir='ltr'><strong>fiir</strong></span> <span class='ocrx_word' id='word_1_277' title='bbox 547 2408 691 2440; x_wconf 82' lang='lat' dir='ltr'><strong>mortem</strong></span> <span class='ocrx_word' id='word_1_278' title='bbox 716 2407 787 2440; x_wconf 85' lang='lat' dir='ltr'><strong>sibi</strong></span> <span class='ocrx_word' id='word_1_279' title='bbox 806 2417 889 2441; x_wconf 76' lang='lat' dir='ltr'><strong>eou-</strong></span> 
     </span>
     <span class='ocr_line' id='line_1_42' title="bbox 147 2450 890 2495; baseline 0.005 -11"><span class='ocrx_word' id='word_1_280' title='bbox 147 2450 308 2491; x_wconf 78' lang='lat' dir='ltr'><strong>sciscere,</strong></span> <span class='ocrx_word' id='word_1_281' title='bbox 339 2461 469 2485; x_wconf 76' lang='lat' dir='ltr'><strong>manus</strong></span> <span class='ocrx_word' id='word_1_282' title='bbox 499 2452 570 2485; x_wconf 86' lang='lat' dir='ltr'><strong>sibi</strong></span> <span class='ocrx_word' id='word_1_283' title='bbox 601 2453 740 2495; x_wconf 79' lang='lat' dir='ltr'><strong>afferre.</strong></span> <span class='ocrx_word' id='word_1_284' title='bbox 784 2453 890 2487; x_wconf 88' lang='lat' dir='ltr'><strong>Auch</strong></span> 
     </span>
     <span class='ocr_line' id='line_1_43' title="bbox 148 2496 889 2542; baseline 0.005 -11"><span class='ocrx_word' id='word_1_285' title='bbox 148 2496 207 2531; x_wconf 90' lang='lat' dir='ltr'><strong>bei</strong></span> <span class='ocrx_word' id='word_1_286' title='bbox 249 2496 361 2531; x_wconf 66' lang='lat' dir='ltr'><strong>Casar</strong></span> <span class='ocrx_word' id='word_1_287' title='bbox 411 2497 456 2531; x_wconf 89' lang='lat' dir='ltr'><strong>de</strong></span> <span class='ocrx_word' id='word_1_288' title='bbox 505 2497 605 2533; x_wconf 86' lang='lat' dir='ltr'><strong>bello</strong></span> <span class='ocrx_word' id='word_1_289' title='bbox 648 2499 717 2534; x_wconf 83' lang='lat' dir='ltr'><strong>civ.</strong></span> <span class='ocrx_word' id='word_1_290' title='bbox 763 2504 799 2542; x_wconf 90' lang='lat'><strong>1,</strong></span> <span class='ocrx_word' id='word_1_291' title='bbox 845 2503 889 2534; x_wconf 82' lang='lat'><strong>22</strong></span> 
     </span>
     <span class='ocr_line' id='line_1_44' title="bbox 146 2543 890 2582; baseline 0.005 -4"><span class='ocrx_word' id='word_1_292' title='bbox 146 2553 234 2578; x_wconf 80' lang='lat' dir='ltr'><strong>suae</strong></span> <span class='ocrx_word' id='word_1_293' title='bbox 257 2544 354 2578; x_wconf 78' lang='lat' dir='ltr'><strong>vitae</strong></span> <span class='ocrx_word' id='word_1_294' title='bbox 377 2543 509 2578; x_wconf 84' lang='lat' dir='ltr'><strong>durius</strong></span> <span class='ocrx_word' id='word_1_295' title='bbox 533 2546 723 2581; x_wconf 73' lang='lat' dir='ltr'><strong>consulere.</strong></span> <span class='ocrx_word' id='word_1_296' title='bbox 765 2546 890 2582; x_wconf 84' lang='lat' dir='ltr'><strong>Cicero</strong></span> 
     </span>
     <span class='ocr_line' id='line_1_45' title="bbox 146 2590 890 2672; baseline 0.004 -47"><span class='ocrx_word' id='word_1_297' title='bbox 146 2590 231 2672; x_wconf 64' lang='lat' dir='ltr'><strong>fatzn.</strong></span> <span class='ocrx_word' id='word_1_298' title='bbox 263 2595 304 2625; x_wconf 88' lang='lat'><strong>16</strong></span> <span class='ocrx_word' id='word_1_299' title='bbox 333 2591 486 2635; x_wconf 75' lang='lat' dir='ltr'><strong>yravius</strong></span> <span class='ocrx_word' id='word_1_300' title='bbox 511 2591 554 2626; x_wconf 85' lang='lat' dir='ltr'><strong>de</strong></span> <span class='ocrx_word' id='word_1_301' title='bbox 577 2592 694 2627; x_wconf 81' lang='lat' dir='ltr'><strong>salute</strong></span> <span class='ocrx_word' id='word_1_302' title='bbox 717 2596 783 2627; x_wconf 83' lang='lat' dir='ltr'><strong>tua</strong></span> <span class='ocrx_word' id='word_1_303' title='bbox 808 2604 890 2628; x_wconf 77' lang='lat' dir='ltr'><strong>eon—</strong></span> 
     </span>
     <span class='ocr_line' id='line_1_46' title="bbox 145 2647 254 2672; baseline -0.018 0"><span class='ocrx_word' id='word_1_304' title='bbox 145 2647 190 2672; x_wconf 84' lang='lat' dir='ltr'><strong>su</strong></span> <span class='ocrx_word' id='word_1_305' title='bbox 205 2648 254 2672; x_wconf 86' lang='lat' dir='ltr'><strong>as.</strong></span> 
     </span>
    </p>

    <p class='ocr_par' dir='ltr' id='par_1_9' title="bbox 146 2684 892 2917">
     <span class='ocr_line' id='line_1_47' title="bbox 194 2684 891 2730; baseline 0.003 -12"><span class='ocrx_word' id='word_1_306' title='bbox 194 2685 285 2719; x_wconf 76' lang='lat' dir='ltr'><strong>cives</strong></span> <span class='ocrx_word' id='word_1_307' title='bbox 327 2684 525 2730; x_wconf 76' lang='lat' dir='ltr'><strong>Romanos]</strong></span> <span class='ocrx_word' id='word_1_308' title='bbox 571 2685 630 2719; x_wconf 85' lang='lat' dir='ltr'><strong>die</strong></span> <span class='ocrx_word' id='word_1_309' title='bbox 668 2685 891 2730; x_wconf 84' lang='lat' dir='ltr'><strong>Apposition</strong></span> 
     </span>
     <span class='ocr_line' id='line_1_48' title="bbox 148 2731 891 2777; baseline 0 -11"><span class='ocrx_word' id='word_1_310' title='bbox 148 2731 292 2766; x_wconf 72' lang='lat' dir='ltr'><strong>enthfflt</strong></span> <span class='ocrx_word' id='word_1_311' title='bbox 322 2731 491 2777; x_wconf 83' lang='lat' dir='ltr'><strong>zugleich</strong></span> <span class='ocrx_word' id='word_1_312' title='bbox 525 2731 606 2767; x_wconf 88' lang='lat' dir='ltr'><strong>eine</strong></span> <span class='ocrx_word' id='word_1_313' title='bbox 630 2731 891 2777; x_wconf 82' lang='lat' dir='ltr'><strong>Begrfindung,</strong></span> 
     </span>
     <span class='ocr_line' id='line_1_49' title="bbox 146 2778 890 2814; baseline 0.001 -2"><span class='ocrx_word' id='word_1_314' title='bbox 146 2788 223 2812; x_wconf 80' lang='lat' dir='ltr'><strong>was</strong></span> <span class='ocrx_word' id='word_1_315' title='bbox 249 2778 477 2813; x_wconf 88' lang='lat' dir='ltr'><strong>namentlich</strong></span> <span class='ocrx_word' id='word_1_316' title='bbox 501 2778 562 2813; x_wconf 86' lang='lat' dir='ltr'><strong>bei</strong></span> <span class='ocrx_word' id='word_1_317' title='bbox 587 2778 666 2814; x_wconf 90' lang='lat' dir='ltr'><strong>Liv.</strong></span> <span class='ocrx_word' id='word_1_318' title='bbox 691 2779 797 2814; x_wconf 86' lang='lat' dir='ltr'><strong>nicht</strong></span> <span class='ocrx_word' id='word_1_319' title='bbox 822 2779 890 2813; x_wconf 84' lang='lat' dir='ltr'><strong>sel-</strong></span> 
     </span>
     <span class='ocr_line' id='line_1_50' title="bbox 146 2824 892 2870; baseline 0.001 -11"><span class='ocrx_word' id='word_1_320' title='bbox 146 2825 210 2859; x_wconf 82' lang='lat' dir='ltr'><strong>ten</strong></span> <span class='ocrx_word' id='word_1_321' title='bbox 233 2824 298 2868; x_wconf 87' lang='lat' dir='ltr'><strong>ist,</strong></span> <span class='ocrx_word' id='word_1_322' title='bbox 325 2837 352 2860; x_wconf 92' lang='lat' dir='ltr'><strong>z.</strong></span> <span class='ocrx_word' id='word_1_323' title='bbox 379 2825 418 2859; x_wconf 91' lang='lat' dir='ltr'><strong>B.</strong></span> <span class='ocrx_word' id='word_1_324' title='bbox 443 2824 509 2869; x_wconf 82' lang='lat'><strong>25,</strong></span> <span class='ocrx_word' id='word_1_325' title='bbox 530 2830 593 2870; x_wconf 83' lang='lat'><strong>34,</strong></span> <span class='ocrx_word' id='word_1_326' title='bbox 617 2831 634 2860; x_wconf 85' lang='lat'>7</span> <span class='ocrx_word' id='word_1_327' title='bbox 662 2827 739 2861; x_wconf 76' lang='lat' dir='ltr'><strong>dux</strong></span> <span class='ocrx_word' id='word_1_328' title='bbox 764 2830 892 2861; x_wconf 81' lang='lat' dir='ltr'><strong>cautus</strong></span> 
     </span>
     <span class='ocr_line' id='line_1_51' title="bbox 147 2872 534 2917; baseline 0.003 -11"><span class='ocrx_word' id='word_1_329' title='bbox 147 2874 180 2906; x_wconf 78' lang='lat' dir='ltr'><strong>et</strong></span> <span class='ocrx_word' id='word_1_330' title='bbox 197 2872 377 2915; x_wconf 77' lang='lat' dir='ltr'><strong>providus</strong></span> <span class='ocrx_word' id='word_1_331' title='bbox 402 2872 534 2917; x_wconf 82' lang='lat' dir='ltr'><strong>Scipio.</strong></span> 
     </span>
    </p>

    <p class='ocr_par' dir='ltr' id='par_1_10' title="bbox 195 2918 890 2965">
     <span class='ocr_line' id='line_1_52' title="bbox 195 2918 890 2965; baseline 0.004 -14"><span class='ocrx_word' id='word_1_332' title='bbox 195 2918 465 2965; x_wconf 71' lang='lat' dir='ltr'><strong>adfinitatibus]</strong></span> <span class='ocrx_word' id='word_1_333' title='bbox 516 2920 631 2954; x_wconf 88' lang='lat' dir='ltr'><strong>durch</strong></span> <span class='ocrx_word' id='word_1_334' title='bbox 683 2920 890 2954; x_wconf 82' lang='lat' dir='ltr'><strong>verwandt—</strong></span> 
     </span>
    </p>
   </div>
   <div class='ocr_carea' id='block_1_7' title="bbox 961 1560 1707 2026">
    <p class='ocr_par' dir='ltr' id='par_1_11' title="bbox 961 1560 1707 2026">
     <span class='ocr_line' id='line_1_53' title="bbox 962 1560 1705 1605; baseline -0.001 -10"><span class='ocrx_word' id='word_1_335' title='bbox 962 1560 1182 1595; x_wconf 78' lang='lat' dir='ltr'><strong>schaftliche</strong></span> <span class='ocrx_word' id='word_1_336' title='bbox 1191 1560 1450 1605; x_wconf 84' lang='lat' dir='ltr'><strong>Beziehungen</strong></span> <span class='ocrx_word' id='word_1_337' title='bbox 1459 1574 1466 1602; x_wconf 86' lang='lat'><em>3</em></span> <span class='ocrx_word' id='word_1_338' title='bbox 1483 1561 1705 1605; x_wconf 73' lang='lat' dir='ltr'><strong>coynatioui-</strong></span> 
     </span>
     <span class='ocr_line' id='line_1_54' title="bbox 963 1607 1707 1653; baseline -0.001 -11"><span class='ocrx_word' id='word_1_339' title='bbox 963 1608 1027 1642; x_wconf 81' lang='lat' dir='ltr'><strong>bus</strong></span> <span class='ocrx_word' id='word_1_340' title='bbox 1071 1607 1184 1642; x_wconf 85' lang='lat' dir='ltr'><strong>durch</strong></span> <span class='ocrx_word' id='word_1_341' title='bbox 1236 1608 1482 1653; x_wconf 84' lang='lat' dir='ltr'><strong>gemeinsame</strong></span> <span class='ocrx_word' id='word_1_342' title='bbox 1530 1607 1707 1641; x_wconf 84' lang='lat' dir='ltr'><strong>Abstam-</strong></span> 
     </span>
     <span class='ocr_line' id='line_1_55' title="bbox 961 1654 1706 1699; baseline 0 -11"><span class='ocrx_word' id='word_1_343' title='bbox 961 1666 1084 1699; x_wconf 85' lang='lat' dir='ltr'><strong>mung.</strong></span> <span class='ocrx_word' id='word_1_344' title='bbox 1135 1655 1240 1689; x_wconf 85' lang='lat' dir='ltr'><strong>Naeh</strong></span> <span class='ocrx_word' id='word_1_345' title='bbox 1273 1654 1339 1697; x_wconf 82' lang='lat'><strong>23,</strong></span> <span class='ocrx_word' id='word_1_346' title='bbox 1366 1658 1405 1699; x_wconf 88' lang='lat'><strong>4,</strong></span> <span class='ocrx_word' id='word_1_347' title='bbox 1433 1659 1451 1688; x_wconf 84' lang='lat'><strong>7</strong></span> <span class='ocrx_word' id='word_1_348' title='bbox 1484 1665 1561 1689; x_wconf 85' lang='lat' dir='ltr'><strong>war</strong></span> <span class='ocrx_word' id='word_1_349' title='bbox 1592 1654 1706 1688; x_wconf 82' lang='lat' dir='ltr'><strong>sehon</strong></span> 
     </span>
     <span class='ocr_line' id='line_1_56' title="bbox 962 1700 1706 1736; baseline -0.001 -1"><span class='ocrx_word' id='word_1_350' title='bbox 962 1700 1033 1736; x_wconf 88' lang='lat' dir='ltr'><strong>seit</strong></span> <span class='ocrx_word' id='word_1_351' title='bbox 1057 1702 1152 1736; x_wconf 86' lang='lat' dir='ltr'><strong>alter</strong></span> <span class='ocrx_word' id='word_1_352' title='bbox 1180 1701 1260 1736; x_wconf 89' lang='lat' dir='ltr'><strong>Zeit</strong></span> <span class='ocrx_word' id='word_1_353' title='bbox 1285 1701 1344 1736; x_wconf 89' lang='lat' dir='ltr'><strong>ein</strong></span> <span class='ocrx_word' id='word_1_354' title='bbox 1375 1701 1706 1736; x_wconf 85' lang='lat' dir='ltr'><strong>verwandtschaft-</strong></span> 
     </span>
     <span class='ocr_line' id='line_1_57' title="bbox 961 1747 1706 1783; baseline -0.001 -1"><span class='ocrx_word' id='word_1_355' title='bbox 961 1748 1077 1783; x_wconf 86' lang='lat' dir='ltr'><strong>liches</strong></span> <span class='ocrx_word' id='word_1_356' title='bbox 1112 1748 1328 1783; x_wconf 81' lang='lat' dir='ltr'><strong>Verh‘altnis</strong></span> <span class='ocrx_word' id='word_1_357' title='bbox 1366 1748 1546 1782; x_wconf 83' lang='lat' dir='ltr'><strong>zwischen</strong></span> <span class='ocrx_word' id='word_1_358' title='bbox 1584 1747 1706 1782; x_wconf 85' lang='lat' dir='ltr'><strong>vieleu</strong></span> 
     </span>
     <span class='ocr_line' id='line_1_58' title="bbox 961 1794 1706 1839; baseline -0.001 -9"><span class='ocrx_word' id='word_1_359' title='bbox 961 1795 1197 1830; x_wconf 88' lang='lat' dir='ltr'><strong>Vornehmen</strong></span> <span class='ocrx_word' id='word_1_360' title='bbox 1219 1795 1333 1830; x_wconf 87' lang='lat' dir='ltr'><strong>Roms</strong></span> <span class='ocrx_word' id='word_1_361' title='bbox 1359 1795 1435 1829; x_wconf 86' lang='lat' dir='ltr'><strong>und</strong></span> <span class='ocrx_word' id='word_1_362' title='bbox 1455 1794 1600 1839; x_wconf 87' lang='lat' dir='ltr'><strong>Capuas</strong></span> <span class='ocrx_word' id='word_1_363' title='bbox 1628 1796 1706 1829; x_wconf 83' lang='lat' dir='ltr'><strong>ent-</strong></span> 
     </span>
     <span class='ocr_line' id='line_1_59' title="bbox 964 1841 1704 1886; baseline -0.001 -10"><span class='ocrx_word' id='word_1_364' title='bbox 964 1842 1129 1877; x_wconf 84' lang='lat' dir='ltr'><strong>standen.</strong></span> <span class='ocrx_word' id='word_1_365' title='bbox 1175 1842 1235 1884; x_wconf 83' lang='lat'><strong>31,</strong></span> <span class='ocrx_word' id='word_1_366' title='bbox 1263 1846 1318 1886; x_wconf 88' lang='lat'><strong>31,</strong></span> <span class='ocrx_word' id='word_1_367' title='bbox 1347 1847 1388 1876; x_wconf 87' lang='lat'><strong>11</strong></span> <span class='ocrx_word' id='word_1_368' title='bbox 1422 1841 1534 1877; x_wconf 81' lang='lat' dir='ltr'><strong>heisst</strong></span> <span class='ocrx_word' id='word_1_369' title='bbox 1561 1841 1704 1886; x_wconf 88' lang='lat' dir='ltr'><strong>Capua:</strong></span> 
     </span>
     <span class='ocr_line' id='line_1_60' title="bbox 962 1889 1706 1934; baseline -0.003 -10"><span class='ocrx_word' id='word_1_370' title='bbox 962 1890 1100 1931; x_wconf 80' lang='lat' dir='ltr'><strong>foedere</strong></span> <span class='ocrx_word' id='word_1_371' title='bbox 1143 1891 1331 1934; x_wconf 80' lang='lat' dir='ltr'><strong>primum,</strong></span> <span class='ocrx_word' id='word_1_372' title='bbox 1379 1889 1508 1924; x_wconf 79' lang='lat' dir='ltr'><strong>deinde</strong></span> <span class='ocrx_word' id='word_1_373' title='bbox 1553 1889 1706 1923; x_wconf 73' lang='lat' dir='ltr'><strong>conubio</strong></span> 
     </span>
     <span class='ocr_line' id='line_1_61' title="bbox 963 1936 1706 1981; baseline -0.001 -11"><span class='ocrx_word' id='word_1_374' title='bbox 963 1940 1068 1980; x_wconf 77' lang='lat' dir='ltr'><strong>atque</strong></span> <span class='ocrx_word' id='word_1_375' title='bbox 1093 1936 1385 1981; x_wconf 56' lang='lat' dir='ltr'><strong>cognationibus,</strong></span> <span class='ocrx_word' id='word_1_376' title='bbox 1419 1939 1594 1981; x_wconf 76' lang='lat' dir='ltr'><strong>postremo</strong></span> <span class='ocrx_word' id='word_1_377' title='bbox 1619 1936 1706 1970; x_wconf 84' lang='lat' dir='ltr'><strong>eivi-</strong></span> 
     </span>
     <span class='ocr_line' id='line_1_62' title="bbox 963 1984 1297 2026; baseline 0.003 -9"><span class='ocrx_word' id='word_1_378' title='bbox 963 1986 1035 2017; x_wconf 79' lang='lat' dir='ltr'><strong>tate</strong></span> <span class='ocrx_word' id='word_1_379' title='bbox 1059 1984 1297 2026; x_wconf 75' lang='lat' dir='ltr'><strong>(coniuncta).</strong></span> 
     </span>
    </p>
   </div>
   <div class='ocr_carea' id='block_1_8' title="bbox 961 2040 1707 2311">
    <p class='ocr_par' dir='ltr' id='par_1_12' title="bbox 961 2040 1707 2311">
     <span class='ocr_line' id='line_1_63' title="bbox 1010 2040 1707 2086; baseline -0.001 -11"><span class='ocrx_word' id='word_1_380' title='bbox 1010 2046 1040 2075; x_wconf 91' lang='lat'><strong>4.</strong></span> <span class='ocrx_word' id='word_1_381' title='bbox 1093 2042 1330 2086; x_wconf 76' lang='lat' dir='ltr'><strong>disceptatum</strong></span> <span class='ocrx_word' id='word_1_382' title='bbox 1373 2041 1422 2086; x_wconf 82' lang='lat' dir='ltr'><strong>f·]</strong></span> <span class='ocrx_word' id='word_1_383' title='bbox 1474 2040 1707 2076; x_wconf 84' lang='lat' dir='ltr'><strong>technischer</strong></span> 
     </span>
     <span class='ocr_line' id='line_1_64' title="bbox 962 2087 1706 2123; baseline 0 -1"><span class='ocrx_word' id='word_1_384' title='bbox 962 2088 1157 2122; x_wconf 81' lang='lat' dir='ltr'><strong>Ausdmck</strong></span> <span class='ocrx_word' id='word_1_385' title='bbox 1211 2088 1270 2122; x_wconf 72' lang='lat' dir='ltr'><strong>fur</strong></span> <span class='ocrx_word' id='word_1_386' title='bbox 1324 2087 1560 2123; x_wconf 82' lang='lat' dir='ltr'><strong>riehterliche</strong></span> <span class='ocrx_word' id='word_1_387' title='bbox 1615 2088 1706 2122; x_wconf 82' lang='lat' dir='ltr'><strong>Ent-</strong></span> 
     </span>
     <span class='ocr_line' id='line_1_65' title="bbox 963 2134 1706 2180; baseline -0.001 -11"><span class='ocrx_word' id='word_1_388' title='bbox 963 2135 1167 2179; x_wconf 87' lang='lat' dir='ltr'><strong>scheidung</strong></span> <span class='ocrx_word' id='word_1_389' title='bbox 1209 2136 1285 2169; x_wconf 85' lang='lat' dir='ltr'><strong>und</strong></span> <span class='ocrx_word' id='word_1_390' title='bbox 1329 2135 1571 2180; x_wconf 87' lang='lat' dir='ltr'><strong>gerichtliche</strong></span> <span class='ocrx_word' id='word_1_391' title='bbox 1615 2134 1706 2169; x_wconf 89' lang='lat' dir='ltr'><strong>Ver-</strong></span> 
     </span>
     <span class='ocr_line' id='line_1_66' title="bbox 961 2181 1706 2227; baseline 0 -11"><span class='ocrx_word' id='word_1_392' title='bbox 961 2182 1170 2227; x_wconf 81' lang='lat' dir='ltr'><strong>handlung3</strong></span> <span class='ocrx_word' id='word_1_393' title='bbox 1201 2182 1299 2217; x_wconf 85' lang='lat' dir='ltr'><strong>hier:</strong></span> <span class='ocrx_word' id='word_1_394' title='bbox 1334 2182 1607 2224; x_wconf 84' lang='lat' dir='ltr'><strong>‘verbandeln&#39;,</strong></span> <span class='ocrx_word' id='word_1_395' title='bbox 1645 2181 1706 2226; x_wconf 79' lang='grc'><strong>37,</strong></span> 
     </span>
     <span class='ocr_line' id='line_1_67' title="bbox 963 2230 1706 2274; baseline 0 -11"><span class='ocrx_word' id='word_1_396' title='bbox 963 2232 1025 2272; x_wconf 79' lang='grc'><strong>55,</strong></span> <span class='ocrx_word' id='word_1_397' title='bbox 1057 2232 1079 2263; x_wconf 89' lang='lat'>4</span> <span class='ocrx_word' id='word_1_398' title='bbox 1110 2230 1309 2274; x_wconf 78' lang='lat' dir='ltr'><strong>disceptare</strong></span> <span class='ocrx_word' id='word_1_399' title='bbox 1341 2240 1395 2264; x_wconf 82' lang='lat' dir='ltr'><strong>res</strong></span> <span class='ocrx_word' id='word_1_400' title='bbox 1426 2230 1537 2264; x_wconf 73' lang='lat' dir='ltr'><strong>Asiae</strong></span> <span class='ocrx_word' id='word_1_401' title='bbox 1570 2246 1613 2257; x_wconf 94' lang='lat'>=</span> <span class='ocrx_word' id='word_1_402' title='bbox 1645 2239 1706 2273; x_wconf 87' lang='lat' dir='ltr'><strong>ge-</strong></span> 
     </span>
     <span class='ocr_line' id='line_1_68' title="bbox 962 2275 1310 2311; baseline 0 -1"><span class='ocrx_word' id='word_1_403' title='bbox 962 2275 1135 2311; x_wconf 79' lang='lat' dir='ltr'><strong>riehtlich</strong></span> <span class='ocrx_word' id='word_1_404' title='bbox 1162 2276 1310 2311; x_wconf 87' lang='lat' dir='ltr'><strong>ordnen.</strong></span> 
     </span>
    </p>
   </div>
   <div class='ocr_carea' id='block_1_9' title="bbox 961 2333 1707 2764">
    <p class='ocr_par' dir='ltr' id='par_1_13' title="bbox 962 2333 1707 2659">
     <span class='ocr_line' id='line_1_69' title="bbox 1011 2333 1707 2380; baseline -0.001 -11"><span class='ocrx_word' id='word_1_405' title='bbox 1011 2338 1042 2369; x_wconf 86' lang='lat'><strong>5.</strong></span> <span class='ocrx_word' id='word_1_406' title='bbox 1069 2345 1133 2370; x_wconf 76' lang='lat' dir='ltr'><strong>nee</strong></span> <span class='ocrx_word' id='word_1_407' title='bbox 1147 2355 1189 2359; x_wconf 97' lang='lat'><strong>—</strong></span> <span class='ocrx_word' id='word_1_408' title='bbox 1206 2335 1283 2380; x_wconf 75' lang='lat' dir='ltr'><strong>uec]</strong></span> <span class='ocrx_word' id='word_1_409' title='bbox 1311 2335 1377 2369; x_wconf 88' lang='lat' dir='ltr'><strong>das</strong></span> <span class='ocrx_word' id='word_1_410' title='bbox 1398 2335 1491 2369; x_wconf 86' lang='lat' dir='ltr'><strong>erste</strong></span> <span class='ocrx_word' id='word_1_411' title='bbox 1513 2345 1577 2369; x_wconf 74' lang='lat' dir='ltr'><strong>uec</strong></span> <span class='ocrx_word' id='word_1_412' title='bbox 1603 2333 1707 2369; x_wconf 89' lang='lat' dir='ltr'><strong>dient</strong></span> 
     </span>
     <span class='ocr_line' id='line_1_70' title="bbox 962 2381 1706 2427; baseline 0 -12"><span class='ocrx_word' id='word_1_413' title='bbox 962 2381 1130 2427; x_wconf 85' lang='lat' dir='ltr'><strong>zugleich</strong></span> <span class='ocrx_word' id='word_1_414' title='bbox 1162 2393 1224 2415; x_wconf 89' lang='lat' dir='ltr'><strong>zur</strong></span> <span class='ocrx_word' id='word_1_415' title='bbox 1255 2381 1507 2425; x_wconf 78' lang='lat' dir='ltr'><strong>Fortffihrung</strong></span> <span class='ocrx_word' id='word_1_416' title='bbox 1540 2381 1604 2416; x_wconf 84' lang='lat' dir='ltr'><strong>des</strong></span> <span class='ocrx_word' id='word_1_417' title='bbox 1637 2381 1706 2416; x_wconf 87' lang='lat' dir='ltr'><strong>Ge-</strong></span> 
     </span>
     <span class='ocr_line' id='line_1_71' title="bbox 964 2428 1705 2470; baseline 0 -8"><span class='ocrx_word' id='word_1_418' title='bbox 964 2428 1129 2464; x_wconf 88' lang='lat' dir='ltr'><strong>dankens</strong></span> <span class='ocrx_word' id='word_1_419' title='bbox 1152 2428 1242 2462; x_wconf 88' lang='lat' dir='ltr'><strong>‘und</strong></span> <span class='ocrx_word' id='word_1_420' title='bbox 1262 2429 1357 2463; x_wconf 81' lang='lat' dir='ltr'><strong>auch</strong></span> <span class='ocrx_word' id='word_1_421' title='bbox 1378 2428 1499 2463; x_wconf 85' lang='lat' dir='ltr'><strong>weder</strong></span> <span class='ocrx_word' id='word_1_422' title='bbox 1515 2449 1559 2453; x_wconf 90' lang='lat'><strong>-—</strong></span> <span class='ocrx_word' id='word_1_423' title='bbox 1574 2428 1705 2470; x_wconf 86' lang='lat' dir='ltr'><strong>noch’;</strong></span> 
     </span>
     <span class='ocr_line' id='line_1_72' title="bbox 964 2475 1706 2518; baseline 0 -9"><span class='ocrx_word' id='word_1_424' title='bbox 964 2475 1070 2510; x_wconf 73' lang='lat' dir='ltr'><strong>dassir</strong></span> <span class='ocrx_word' id='word_1_425' title='bbox 1090 2477 1192 2510; x_wconf 81' lang='lat' dir='ltr'><strong>sonst</strong></span> <span class='ocrx_word' id='word_1_426' title='bbox 1217 2478 1249 2510; x_wconf 79' lang='lat' dir='ltr'><strong>et</strong></span> <span class='ocrx_word' id='word_1_427' title='bbox 1274 2486 1336 2510; x_wconf 75' lang='lat' dir='ltr'><strong>nee</strong></span> <span class='ocrx_word' id='word_1_428' title='bbox 1354 2496 1389 2500; x_wconf 67' lang='lat'>-</span> <span class='ocrx_word' id='word_1_429' title='bbox 1411 2486 1481 2510; x_wconf 78' lang='lat' dir='ltr'><strong>nee.</strong></span> <span class='ocrx_word' id='word_1_430' title='bbox 1514 2475 1574 2518; x_wconf 81' lang='grc'><strong>29,</strong></span> <span class='ocrx_word' id='word_1_431' title='bbox 1589 2478 1645 2518; x_wconf 81' lang='grc'><strong>24,</strong></span> <span class='ocrx_word' id='word_1_432' title='bbox 1662 2478 1706 2509; x_wconf 93' lang='grc'><strong>10</strong></span> 
     </span>
     <span class='ocr_line' id='line_1_73' title="bbox 964 2522 1707 2567; baseline -0.003 -10"><span class='ocrx_word' id='word_1_433' title='bbox 964 2533 1043 2557; x_wconf 84' lang='lat' dir='ltr'><strong>eum</strong></span> <span class='ocrx_word' id='word_1_434' title='bbox 1068 2522 1285 2567; x_wconf 78' lang='lat' dir='ltr'><strong>Lilybaeum</strong></span> <span class='ocrx_word' id='word_1_435' title='bbox 1316 2523 1549 2564; x_wconf 67' lang='lat' dir='ltr'><strong>convenisset,</strong></span> <span class='ocrx_word' id='word_1_436' title='bbox 1581 2525 1613 2556; x_wconf 82' lang='lat' dir='ltr'><strong>et</strong></span> <span class='ocrx_word' id='word_1_437' title='bbox 1643 2532 1707 2556; x_wconf 72' lang='lat' dir='ltr'><strong>uec</strong></span> 
     </span>
     <span class='ocr_line' id='line_1_74' title="bbox 964 2569 1706 2614; baseline 0 -11"><span class='ocrx_word' id='word_1_438' title='bbox 964 2570 1050 2605; x_wconf 80' lang='lat' dir='ltr'><strong>urbs</strong></span> <span class='ocrx_word' id='word_1_439' title='bbox 1064 2589 1106 2594; x_wconf 92' lang='lat'><strong>—</strong></span> <span class='ocrx_word' id='word_1_440' title='bbox 1122 2581 1184 2604; x_wconf 79' lang='lat' dir='ltr'><strong>nec</strong></span> <span class='ocrx_word' id='word_1_441' title='bbox 1206 2574 1337 2614; x_wconf 64' lang='lat' dir='ltr'><strong>portas</strong></span> <span class='ocrx_word' id='word_1_442' title='bbox 1362 2572 1502 2614; x_wconf 79' lang='lat' dir='ltr'><strong>caperet</strong></span> <span class='ocrx_word' id='word_1_443' title='bbox 1526 2569 1706 2611; x_wconf 73' lang='lat' dir='ltr'><strong>(multitu-</strong></span> 
     </span>
     <span class='ocr_line' id='line_1_75' title="bbox 964 2616 1107 2659; baseline -0.007 -8"><span class='ocrx_word' id='word_1_444' title='bbox 964 2616 1107 2659; x_wconf 74' lang='lat' dir='ltr'><strong>dinem).</strong></span> 
     </span>
    </p>

    <p class='ocr_par' dir='ltr' id='par_1_14' title="bbox 961 2674 1705 2764">
     <span class='ocr_line' id='line_1_76' title="bbox 1012 2674 1705 2720; baseline 0 -12"><span class='ocrx_word' id='word_1_445' title='bbox 1012 2675 1153 2717; x_wconf 73' lang='lat' dir='ltr'><strong>differri</strong></span> <span class='ocrx_word' id='word_1_446' title='bbox 1180 2674 1400 2720; x_wconf 84' lang='lat' dir='ltr'><strong>Campanos]</strong></span> <span class='ocrx_word' id='word_1_447' title='bbox 1428 2674 1502 2718; x_wconf 86' lang='lat' dir='ltr'><strong>vgl.</strong></span> <span class='ocrx_word' id='word_1_448' title='bbox 1529 2685 1558 2708; x_wconf 92' lang='lat' dir='ltr'><strong>c.</strong></span> <span class='ocrx_word' id='word_1_449' title='bbox 1581 2677 1636 2716; x_wconf 81' lang='lat'><strong>51,</strong></span> <span class='ocrx_word' id='word_1_450' title='bbox 1662 2677 1705 2708; x_wconf 89' lang='grc'><strong>10</strong></span> 
     </span>
     <span class='ocr_line' id='line_1_77' title="bbox 961 2719 1705 2764; baseline 0 -10"><span class='ocrx_word' id='word_1_451' title='bbox 961 2722 1100 2764; x_wconf 81' lang='lat' dir='ltr'><strong>partim</strong></span> <span class='ocrx_word' id='word_1_452' title='bbox 1110 2721 1253 2755; x_wconf 74' lang='lat' dir='ltr'><strong>distulit</strong></span> <span class='ocrx_word' id='word_1_453' title='bbox 1265 2721 1516 2755; x_wconf 75' lang='lat' dir='ltr'><strong>Tarraconem.</strong></span> <span class='ocrx_word' id='word_1_454' title='bbox 1531 2719 1568 2753; x_wconf 83' lang='lat' dir='ltr'><strong>‘J</strong></span> <span class='ocrx_word' id='word_1_455' title='bbox 1572 2720 1705 2754; x_wconf 88' lang='lat' dir='ltr'><strong>emand</strong></span> 
     </span>
    </p>
   </div>
   <div class='ocr_carea' id='block_1_10' title="bbox 962 2766 1705 2855">
    <p class='ocr_par' dir='ltr' id='par_1_15' title="bbox 962 2766 1705 2855">
     <span class='ocr_line' id='line_1_78' title="bbox 964 2766 1705 2810; baseline 0 -10"><span class='ocrx_word' id='word_1_456' title='bbox 964 2766 1169 2810; x_wconf 84' lang='lat' dir='ltr'><strong>hinhalten,</strong></span> <span class='ocrx_word' id='word_1_457' title='bbox 1196 2766 1262 2801; x_wconf 85' lang='lat' dir='ltr'><strong>auf</strong></span> <span class='ocrx_word' id='word_1_458' title='bbox 1278 2767 1337 2801; x_wconf 88' lang='lat' dir='ltr'><strong>ein</strong></span> <span class='ocrx_word' id='word_1_459' title='bbox 1356 2767 1511 2802; x_wconf 81' lang='lat' dir='ltr'><strong>anderes</strong></span> <span class='ocrx_word' id='word_1_460' title='bbox 1525 2766 1600 2800; x_wconf 89' lang='lat' dir='ltr'><strong>Mal</strong></span> <span class='ocrx_word' id='word_1_461' title='bbox 1624 2777 1705 2801; x_wconf 82' lang='lat' dir='ltr'><strong>ver-</strong></span> 
     </span>
     <span class='ocr_line' id='line_1_79' title="bbox 962 2812 1373 2855; baseline 0.002 -8"><span class='ocrx_word' id='word_1_462' title='bbox 962 2813 1133 2848; x_wconf 80' lang='lat' dir='ltr'><strong>tr‘osten’.</strong></span> <span class='ocrx_word' id='word_1_463' title='bbox 1172 2812 1231 2855; x_wconf 79' lang='lat'><strong>25,</strong></span> <span class='ocrx_word' id='word_1_464' title='bbox 1258 2817 1314 2855; x_wconf 82' lang='lat'><strong>25,</strong></span> <span class='ocrx_word' id='word_1_465' title='bbox 1340 2818 1373 2848; x_wconf 91' lang='lat'><strong>4.</strong></span> 
     </span>
    </p>
   </div>
   <div class='ocr_carea' id='block_1_11' title="bbox 964 2871 1705 2964">
    <p class='ocr_par' dir='ltr' id='par_1_16' title="bbox 964 2871 1705 2964">
     <span class='ocr_line' id='line_1_80' title="bbox 1013 2871 1704 2918; baseline 0.001 -12"><span class='ocrx_word' id='word_1_466' title='bbox 1013 2876 1043 2906; x_wconf 84' lang='grc'><strong>6.</strong></span> <span class='ocrx_word' id='word_1_467' title='bbox 1072 2871 1128 2906; x_wconf 89' lang='lat' dir='ltr'><strong>M.</strong></span> <span class='ocrx_word' id='word_1_468' title='bbox 1155 2871 1296 2906; x_wconf 80' lang='lat' dir='ltr'><strong>Atilius</strong></span> <span class='ocrx_word' id='word_1_469' title='bbox 1326 2871 1503 2918; x_wconf 71' lang='lat' dir='ltr'><strong>Reyulus]</strong></span> <span class='ocrx_word' id='word_1_470' title='bbox 1538 2872 1597 2907; x_wconf 89' lang='lat' dir='ltr'><strong>die</strong></span> <span class='ocrx_word' id='word_1_471' title='bbox 1623 2883 1704 2907; x_wconf 85' lang='lat' dir='ltr'><strong>vor-</strong></span> 
     </span>
     <span class='ocr_line' id='line_1_81' title="bbox 964 2918 1705 2964; baseline 0.003 -12"><span class='ocrx_word' id='word_1_472' title='bbox 964 2918 1227 2964; x_wconf 85' lang='lat' dir='ltr'><strong>geschriebene</strong></span> <span class='ocrx_word' id='word_1_473' title='bbox 1254 2919 1429 2964; x_wconf 83' lang='lat' dir='ltr'><strong>Umfrage</strong></span> <span class='ocrx_word' id='word_1_474' title='bbox 1462 2919 1525 2954; x_wconf 82' lang='lat' dir='ltr'><strong>des</strong></span> <span class='ocrx_word' id='word_1_475' title='bbox 1553 2919 1705 2954; x_wconf 85' lang='lat' dir='ltr'><strong>Senates</strong></span> 
     </span>
    </p>
   </div>
  </div>
 </body>
</html>
