2000 3338
288 144 342 186 98
750 142 895 177 LIBER
919 141 1049 176 XXVI.
1099 141 1200 177 CAP.
1226 145 1281 176 45.
1308 145 1363 177 46.

1680 159 1704 176 a.
1722 159 1751 177 u.
1773 151 1842 179 544.ν

288 267 414 307 aqua,
453 265 548 292 acer
585 249 714 290 etiam
755 248 987 302 septentrio
1020 250 1136 289 ortus
1169 247 1419 289 inclinatum
1458 250 1656 302 stagnum
1689 248 1836 291 eodem

289 325 372 366 quo
405 310 547 351 aestus
577 307 761 361 ferebat,
792 308 834 347 et
866 306 970 348 adeo
1000 306 1237 347 nudaverat
1266 306 1393 360 vada,
1424 308 1472 347 ut
1502 307 1603 348 alibi
1633 307 1836 349 umbilico

242 380 262 411 9
288 371 411 410 tenus
444 380 552 420 aqua
583 367 713 419 esset,
751 364 853 406 alibi
885 377 1025 419 genua
1054 364 1125 405 vix
1157 366 1388 418 superaret.

1447 364 1528 406 11οο
1559 379 1658 407 cura
1689 379 1738 407 ac
1769 380 1836 407 ra-

286 427 404 468 tione
436 425 702 479 compertum
732 423 774 464 in
807 423 1052 478 prodigium
1083 437 1132 464 ac
1163 422 1263 465 deos
1294 425 1465 464 vertens
1488 421 1650 478 Scipio,
1680 424 1753 479 qui
1784 423 1839 465 ad

287 483 517 526 transitum
535 482 741 524 Romanis
772 496 890 523 mare
918 483 1134 523 verterent
1158 483 1202 522 et
1233 483 1386 536 stagna
1417 480 1632 522 auferrent
1661 482 1836 537 viasque

290 546 388 585 ante
423 556 656 597 numquam
693 541 822 582 initas
864 541 1051 582 humano
1091 540 1274 595 vestigio
1316 539 1547 594 aperirent,
1589 538 1839 593 Neptunum

287 602 465 643 iubebat
485 600 633 642 ducem
653 599 818 641 itineris
839 599 957 653 sequi
977 613 1025 641 ac
1050 599 1188 640 medio
1209 601 1363 653 stagno
1385 598 1559 639 evadere
1579 597 1633 638 ad
1657 599 1838 641 moenia.

218 661 276 703 46
291 660 344 702 ab
369 662 483 701 terra
508 660 658 714 ingens
683 659 805 700 labor
830 657 1153 700 succedentibus
1181 659 1289 712 erat,
1319 671 1397 698 nec
1424 655 1647 698 altitudine
1671 658 1840 698 tantum

289 719 506 761 moenium
525 717 879 771 impediebantur,
905 716 978 758 sed
997 717 1107 770 quod
1134 718 1302 757 tuentes
1324 715 1375 757 ad
1401 715 1608 769 ancipites
1628 714 1842 770 utrimque

291 778 401 820 ictus
423 776 636 818 subiectos
655 775 875 816 habebant
893 774 1129 828 Romanos,
1154 777 1203 815 ut
1226 775 1362 816 latera
1382 773 1605 815 infestiora
1625 773 1841 814 subeunti-

244 848 264 878 2
289 837 369 877 bus
403 849 530 889 quam
563 833 740 875 adversa
766 847 943 886 corpora
975 835 1127 873 essent.
1177 837 1222 874 at
1252 835 1374 887 parte
1406 833 1449 874 in
1481 832 1566 874 alia
1597 831 1843 887 quingentis

292 897 335 935 et
370 907 447 948 per
484 894 685 947 stagnum
722 891 861 933 facilis
898 890 1106 932 transitus
1145 893 1187 932 et
1222 891 1268 932 in
1304 906 1470 933 murum
1507 905 1707 932 ascensus
1745 890 1844 932 inde

291 953 389 994 fuit:
426 966 528 993 nam
564 965 699 1005 neque
742 964 868 1004 opere
906 949 1122 991 emunitus
1161 951 1271 1003 erat,
1307 952 1356 990 ut
1391 949 1466 991 ubi
1500 949 1635 1003 ipsius
1674 948 1756 991 loci
1796 963 1844 990 ac

296 1010 440 1066 stagni
469 1009 682 1064 praesidio
708 1009 814 1050 satis
841 1008 1045 1050 creditum
1071 1008 1183 1049 foret
1206 1022 1284 1050 nec
1312 1008 1402 1049 ulla
1427 1010 1687 1050 armatorum
1714 1007 1843 1049 statio

295 1072 370 1112 aut
401 1068 595 1111 custodia
627 1067 824 1122 opposita
855 1067 1030 1108 intentis
1061 1067 1258 1108 omnibus
1290 1066 1343 1108 ad
1375 1080 1500 1120 opem
1533 1080 1581 1107 eo
1613 1065 1846 1117 ferendam,

247 1141 266 1172 3
293 1129 403 1170 unde
440 1128 675 1183 periculum
713 1126 1027 1168 ostendebatur.

340 1267 421 1291 acer
469 1254 682 1300 septentrio]
736 1254 830 1289 auch
878 1254 1034 1289 deutsch

295 1302 472 1338 ‘scharfer
497 1301 629 1336 Nord'.

340 1362 557 1397 inclinatum
593 1360 783 1406 staqnum]
823 1360 897 1394 Der
922 1359 1034 1394 Wind

292 1408 388 1444 trieb
421 1408 480 1443 die
513 1407 675 1442 ohnehin
707 1407 820 1442 sehon
850 1406 888 1441 in
918 1406 1036 1442 dieser

293 1455 480 1500 Richtung
509 1455 586 1489 sich
617 1454 841 1499 bewegende
870 1454 1035 1488 Wasser-

294 1513 412 1538 masse
439 1502 663 1544 ebendahin,
699 1501 822 1536 wohin
849 1500 907 1536 die
933 1501 1035 1536 Ebbe

295 1550 348 1585 sie
368 1561 447 1597 zog.
479 1548 540 1593 29,
562 1553 594 1592 7,
615 1553 634 1583 2
655 1559 734 1584 cum
753 1549 916 1593 primum
936 1551 1036 1583 aestu

293 1598 426 1640 fretum
451 1597 669 1631 inclinatum
694 1599 752 1631 est.

343 1666 375 1696 9.
401 1662 442 1696 in
461 1661 673 1705 prodiqium
699 1672 741 1695 ac
766 1660 863 1705 deos]
894 1671 932 1694 er
964 1660 1036 1704 gab

297 1709 361 1744 der
393 1708 510 1743 Saohe
542 1707 622 1743 eine
654 1708 776 1742 solche
809 1708 1036 1751 Auslegung,

297 1755 377 1791 dass
399 1755 449 1790 sie
476 1755 535 1790 ein
549 1755 714 1789 Wunder
733 1754 808 1788 und.
829 1754 887 1788 die
907 1753 1037 1789 Gotter

296 1803 376 1838 ihre
422 1803 589 1837 Urheber
638 1814 681 1836 zu
731 1801 808 1836 sein
852 1802 1036 1836 schienen.

299 1861 327 1884 0.
351 1854 404 1893 11,
426 1853 446 1884 3
473 1850 514 1884 in
541 1850 748 1894 'reliqionem
772 1859 874 1883 versa
899 1852 948 1883 est
974 1859 1038 1883 res.

298 1897 364 1941 28,
392 1901 452 1940 11,
480 1901 497 1931 1
526 1907 656 1931 causas
680 1897 721 1930 in
747 1896 828 1931 cleos
851 1899 994 1930 vertere.

345 1967 444 1990 mare
461 1955 649 2000 verterent]
669 1958 801 1989 vertere
815 1971 856 1983 =
874 1957 1040 1996 avertere,

300 2002 366 2047 25,
400 2006 461 2045 25,
494 2007 513 2036 2
540 2003 702 2036 tumulus
735 2012 856 2036 versus
888 2013 911 2035 a
935 2002 1040 2035 mari.

299 2060 397 2084 mare
410 2053 540 2084 vertere
555 2066 597 2078 =
613 2053 767 2084 avertere
780 2049 925 2083 kommt
939 2048 1043 2082 nicht

300 2097 429 2132 weiter
453 2107 535 2139 vor;
562 2096 639 2131 Liv.
661 2097 745 2141 sagt
765 2096 868 2130 sonst
887 2099 1042 2130 avertere

300 2156 328 2178 z.
355 2144 395 2178 Β.
423 2154 543 2178 amnes
568 2143 628 2185 22,
655 2148 686 2186 5,
714 2147 746 2178 8.

350 2225 378 2248 c.
407 2212 466 2256 46,
489 2218 517 2247 1.
546 2224 607 2248 nec
627 2214 821 2248 altitudine
840 2216 980 2247 tantum
998 2233 1040 2237 —

302 2262 362 2296 sed
375 2261 486 2307 quod]
502 2260 672 2295 Varieffit
685 2260 749 2295 der
762 2259 1040 2294 Konstruktion.

302 2308 337 2352 2,
377 2312 438 2351 51,
478 2312 496 2342 7
533 2308 705 2351 felicitate
736 2318 884 2352 pugnae
927 2307 1041 2350 ferox,

303 2356 418 2400 mayis
443 2359 561 2389 tamen
580 2356 676 2399 quia.
703 2354 738 2398 3,
767 2358 799 2398 8,
827 2358 844 2389 7
869 2354 983 2398 magis
1004 2354 1043 2388 in

304 2413 341 2436 rc
365 2402 497 2445 subita,
523 2413 630 2446 quam
656 2403 760 2447 quod.

353 2461 507 2506 tuentes]
541 2462 635 2495 tucri
667 2460 814 2495 absolut
840 2477 882 2489 =
910 2459 1044 2494 vertei-

306 2507 427 2553 digon,
449 2507 497 2542 ist
515 2507 619 2542 nicht
633 2508 760 2543 weiter
782 2507 1044 2550 nachweisbar,

307 2555 473 2600 dagegen
488 2555 556 2589 mit
570 2556 698 2589 Aecus,
727 2554 786 2598 32,
803 2558 857 2596 14,
872 2558 890 2588 2
911 2557 1044 2588 tuentes

307 2603 438 2637 urbem.
472 2601 531 2645 3⁶2,
555 2606 608 2643 13,
635 2606 673 2636 11
696 2603 836 2636 moenia
856 2605 878 2636 t..
906 2601 966 2645 31,
987 2605 1043 2644 46,

310 2654 362 2683 11.
397 2648 456 2692 33,
484 2653 515 2691 7,
543 2654 563 2684 6
590 2650 765 2684 tuentium
786 2649 921 2693 pulsos.

356 2714 404 2749 ad
424 2742 430 2749 .
454 2741 460 2749 .
483 2742 489 2748 .
511 2715 602 2749 ictus
621 2713 782 2757 subiect]
803 2714 959 2747 subicere
985 2712 1044 2747 bei

310 2762 387 2796 Liv.
412 2773 479 2795 nur
504 2760 541 2795 in
567 2761 808 2806 eigentlicher
828 2760 1045 2804 Bedeutung

310 2809 377 2842 mit
397 2808 478 2843 dem
495 2808 617 2851 Dativ,
638 2809 727 2845 telis,
746 2809 862 2842 securi
881 2819 910 2842 c.
930 2811 982 2846 13,
1003 2811 1043 2848 5;

310 2855 378 2889 mit
404 2856 451 2890 ad
481 2855 518 2890 in
551 2856 615 2890 der
648 2855 882 2899 Bedeutung:
916 2865 1043 2898 ausge-

312 2904 422 2936 setzt:
449 2902 480 2943 7,
502 2907 556 2945 34,
578 2907 598 2937 5
618 2903 728 2937 hostis
746 2903 924 2936 subiectus
946 2901 1045 2935 nobis

1088 1125 1162 1167 ubi
1200 1125 1348 1166 urbem
1387 1125 1476 1166 sine
1514 1124 1744 1166 certamine
1781 1125 1844 1165 in·

1107 1253 1155 1288 ad
1174 1253 1289 1287 omnis
1307 1253 1420 1294 ictus;
1446 1252 1548 1286 sonst
1574 1252 1756 1296 expositus
1781 1252 1846 1286 ad:

1107 1299 1141 1342 5⁷
1155 1303 1330 1391 αόφῗὲίέτῖτεε
1358 1345 1551 1391 utrimque]
1581 1345 1743 1380 beliebte
1766 1346 1848 1380 tau-

1107 1393 1312 1439 tologische
1323 1392 1573 1438 Verbindung.
1600 1395 1619 1434 5
1634 1395 1653 1427 5
1668 1392 1848 1437 utrimque

1108 1442 1301 1485 ancipitem
1325 1441 1456 1474 hostem
1480 1440 1667 1474 habebant.
1705 1439 1765 1482 30,
1792 1443 1849 1483 33,
1908 1467 1910 1470 .

1110 1493 1153 1523 15
1185 1489 1225 1522 in
1255 1489 1430 1532 ancipites
1463 1488 1511 1521 ad
1546 1488 1640 1521 ictus
1670 1487 1849 1531 utrimque

1108 1535 1331 1570 coniciebant
1374 1535 1453 1569 tela.

1156 1586 1186 1617 2.
1220 1585 1328 1626 parte
1363 1582 1403 1616 in
1436 1580 1526 1626 alia]
1556 1580 1655 1615 Tritt
1679 1580 1716 1615 in
1742 1581 1850 1624 guter

1108 1630 1222 1664 Prosa
1236 1629 1294 1664 die
1308 1627 1542 1672 Praposition
1562 1627 1742 1662 zwischen
1757 1626 1850 1661 Sub-

1109 1676 1248 1711 stantiv
1289 1675 1365 1710 und
1408 1674 1603 1720 Adjektiv,
1647 1685 1687 1709 so
1730 1673 1853 1709 erhalt

1108 1723 1279 1758 letzteres
1316 1722 1375 1756 die
1414 1723 1508 1756 erste
1545 1721 1675 1764 Stelle3
1713 1731 1853 1755 summa

1109 1771 1149 1805 in
1176 1782 1231 1809 re‚·
1269 1769 1328 1804 die
1352 1769 1594 1814 umgekehrte
1620 1767 1791 1813 Stellung
1815 1777 1855 1802 re

1112 1819 1151 1852 in
1189 1828 1328 1852 summa
1369 1816 1420 1851 ist
1462 1815 1695 1850 dichterisch.
1753 1814 1854 1850 Aber

1112 1865 1248 1910 gerade
1275 1863 1343 1898 mit
1362 1874 1454 1908 pars
1480 1863 1652 1897 scheinen
1678 1861 1750 1897 seit
1773 1861 1853 1896 Liv.

1113 1911 1317 1955 (vielleicht
1371 1911 1409 1945 in
1458 1909 1731 1955 Naehahmung
1778 1919 1853 1944 von

1114 1959 1305 2003 Dichtern)
1336 1957 1491 2003 gewisse
1518 1957 1764 2002 Wendungen
1790 1955 1856 1990 der

1114 2005 1356 2041 historischen
1387 2005 1500 2039 Prosa
1525 2004 1631 2049 eigen
1658 2003 1854 2049 geblieben

1115 2066 1157 2088 zu
1185 2053 1272 2088 sein.
1312 2053 1462 2087 Tacitus
1488 2063 1569 2086 ann.
1594 2055 1649 2093 11,
1669 2055 1689 2085 3
1710 2053 1855 2094 partem

1113 2101 1154 2135 in
1179 2101 1301 2135 aliam.
1336 2098 1538 2141 Quintilian
1556 2098 1590 2139 2,
1612 2101 1666 2139 17,
1689 2101 1729 2131 11
1746 2100 1855 2141 parte

1114 2149 1154 2182 in
1178 2148 1255 2182 hac.
1282 2151 1314 2189 4,
1342 2150 1373 2187 2,
1400 2150 1444 2181 23
1465 2149 1572 2189 parte
1597 2145 1635 2178 in
1662 2155 1748 2178 una.

1162 2205 1263 2238 opere
1288 2193 1484 2238 emunitus]
1509 2192 1559 2226 sie
1580 2201 1656 2225 war
1675 2191 1778 2226 nieht
1798 2189 1855 2225 bis

1115 2253 1179 2275 zur
1196 2241 1318 2275 vollen
1333 2240 1437 2274 Hohe
1458 2238 1675 2284 aufgebaut3
1696 2238 1858 2273 emunire

1114 2288 1208 2323 nach
1227 2287 1355 2332 Vergil
1380 2286 1441 2321 bei
1464 2285 1540 2320 Liv.
1565 2285 1660 2320 noch
1687 2285 1747 2325 21,
1775 2288 1806 2327 7,
1835 2288 1854 2319 7

1114 2335 1188 2369 und
1214 2334 1273 2377 24,
1294 2338 1349 2376 21,
1375 2337 1417 2368 12
1438 2332 1691 2378 angewendet.
1717 2331 1778 2375 33,
1798 2335 1857 2376 36,

1117 2386 1136 2416 5
1159 2382 1371 2426 pemzunioe
1396 2381 1561 2425 hiiufiger
1586 2380 1812 2414 communire.

1167 2433 1202 2463 ut
1228 2429 1306 2474 ubi]
1333 2428 1416 2462 Wie
1443 2438 1508 2462 vor
1534 2427 1598 2462 das
1623 2426 1788 2470 Relativ,
1815 2437 1857 2462 so

1115 2479 1235 2511 treten
1273 2476 1366 2510 auch
1405 2486 1469 2509 vor
1506 2475 1570 2509 ubi
1603 2486 1665 2508 zur
1693 2474 1855 2519 Begriin-

1117 2524 1215 2567 dung
1238 2527 1285 2563 nt,
1307 2523 1467 2557 seltener
1484 2522 1616 2567 quippe
1629 2520 1702 2556 und
1717 2523 1856 2565 utpote,-

1117 2570 1176 2612 38,
1198 2575 1253 2612 21,
1277 2574 1317 2604 14
1343 2573 1464 2604 castra
1487 2569 1634 2613 pavoris
1659 2578 1702 2602 ac
1725 2567 1856 2601 tumul-

1116 2622 1174 2652 tus
1198 2619 1322 2661 plena,
1355 2621 1394 2651 ut
1420 2617 1483 2651 ubi
1507 2617 1661 2658 feminae
1683 2615 1857 2658 puerique

1117 2668 1147 2699 ct
1171 2666 1247 2699 alia
1275 2665 1422 2699 imbellis
1449 2663 1555 2697 turba
1575 2682 1616 2686 —-
1638 2665 1731 2696 esset.
1771 2661 1855 2706 vgl.

1118 2724 1146 2746 c.
1179 2716 1240 2754 48,
1276 2716 1313 2746 11
1356 2712 1487 2755 quippe
1523 2710 1584 2743 ubi
1615 2708 1689 2752 (bei
1727 2708 1857 2743 Cicero

1118 2760 1232 2794 findet
1258 2758 1334 2793 sich
1364 2761 1401 2791 ut
1429 2757 1489 2790 ubi
1515 2756 1641 2792 nicht).

1164 2817 1202 2841 co
1236 2806 1327 2840 unde
1357 2805 1556 2849 periculum
1589 2803 1855 2848 osrmdebatnr]

1119 2854 1190 2896 vgl.
1224 2864 1252 2887 o.
1286 2855 1347 2889 44,
1383 2855 1402 2885 2
1430 2851 1473 2885 ab
1500 2862 1539 2885 ea
1562 2855 1678 2894 parte.
1716 2850 1859 2885 Andere

1118 2899 1201 2934 fasst
1230 2899 1304 2934 Liv,
1333 2899 1391 2933 (lie
1420 2898 1552 2932 Sachc:
1585 2898 1650 2940 21,
1677 2902 1709 2941 7,
1736 2902 1754 2933 7
1782 2897 1857 2932 ubi

1983 2979 2000 3338 j
