2000 3338
269 139 351 180 106
767 137 913 172 LIBER
937 137 1066 172 XXVI.
1116 136 1216 172 CAP.
1244 140 1299 172 50.

1659 154 1683 172 a.
1702 154 1732 172 u.
1749 147 1810 174 544.

263 260 434 301 remque
459 245 539 286 tibi
565 259 657 286 eam
689 243 806 285 cordi
838 257 952 296 esse,
983 245 1026 284 et
1049 243 1187 284 forma
1217 243 1378 284 faceret
1401 244 1544 298 fidem,
1577 245 1676 300 quia
1707 245 1810 298 ipse,

264 305 299 346 si
338 304 424 345 frui
460 304 608 344 liceret
644 301 744 344 ludo
790 301 961 355 aetatis,
1005 302 1255 355 praesertim
1300 301 1344 342 in
1381 304 1495 344 recto
1532 304 1574 343 et
1617 303 1810 358 legitimo

263 376 418 415 amore,
445 363 487 402 et
511 375 598 402 non
622 375 689 402 res
720 360 892 414 publica
917 359 1105 401 animum
1130 362 1324 402 nostrum
1351 364 1611 414 occupasset,
1641 361 1810 403 veniam

263 421 367 462 mihi
392 420 484 461 dari
509 434 710 474 sponsam
735 418 966 472 impensius
993 418 1154 460 amanti
1178 418 1343 472 vellem,
1368 421 1454 472 tuo,
1480 419 1598 460 cuius
1623 434 1812 473 possum,

214 481 236 511 6
263 479 398 520 amori
423 478 558 520 faveo.
601 477 683 519 fuit
709 491 866 532 sponsa
890 479 965 518 tua
991 477 1103 532 apud
1128 491 1194 518 me
1221 477 1367 518 eadem
1396 491 1480 531 qua
1505 477 1616 531 apud
1641 492 1809 521 soceros

261 540 359 579 tuos
391 539 674 592 parentesque
705 551 804 578 suos
831 535 1102 589 verecundia3
1134 538 1303 577 servata
1333 535 1414 576 tibi
1447 537 1528 589 est,
1559 538 1607 577 ut
1637 536 1812 578 inviola-

214 597 236 627 7
262 599 354 637 tum
386 599 426 637 et
459 596 635 651 dignum
668 609 734 637 me
765 597 890 649 teque
922 595 1012 636 dari
1043 595 1124 636 tibi
1156 595 1313 636 donum
1344 596 1500 647 posset.

1564 593 1674 635 hanc
1705 609 1812 636 mer-

262 655 405 696 cedem
436 669 564 696 unam
596 669 673 708 pro
706 668 754 695 eo
786 668 959 695 munere
990 654 1199 707 paciscor:
1235 653 1396 694 amicus
1427 652 1585 706 populo
1617 652 1810 695 Romano

263 714 339 768 sis,
364 715 408 755 et
432 714 466 755 si
495 728 562 754 me
587 713 724 754 virum
750 713 908 754 bonum
933 712 1065 753 credis
1092 726 1201 766 esse,
1229 712 1373 767 quales
1399 713 1565 766 patrem
1591 713 1810 765 patruum-

262 787 341 826 que
379 786 520 813 meum
557 771 642 812 iam
680 773 778 811 ante
813 770 894 811 hae
932 773 1080 824 gentes
1118 773 1291 823 norant,
1333 770 1441 812 scias
1480 770 1637 811 multos
1675 770 1812 812 nostri

212 831 235 862 8
263 831 422 872 similes
453 831 498 870 in
529 829 701 870 civitate
726 828 923 870 Romana
953 843 1045 869 esse
1076 842 1154 870 nec
1185 830 1319 870 ullum
1350 829 1394 870 in
1424 828 1550 870 terris
1581 828 1707 870 hodie
1738 842 1810 882 po-

261 889 409 944 pulum
440 888 523 929 dici
554 902 697 942 posse,
735 901 858 942 quem
890 887 1031 928 minus
1068 887 1147 928 tibi
1179 887 1346 929 hostem
1382 887 1551 942 tuisque
1584 901 1674 928 esse
1706 887 1810 928 velis

216 949 236 979 9
262 950 336 989 aut
373 947 557 988 amicum
593 945 747 987 malis'.

803 960 897 986 cum
935 945 1178 987 adolescens
1215 945 1339 987 simul
1379 945 1540 1000 pudore
1575 949 1617 987 et
1657 945 1813 1000 gaudio

260 1006 477 1060 perfusus,
516 1005 707 1047 dextram
740 1003 950 1058 Scipionis
991 1006 1156 1058 tenens,
1194 1003 1294 1045 deos
1328 1018 1473 1045 omnes
1511 1004 1730 1046 invocaret
1761 1004 1814 1046 ad

262 1065 448 1120 gratiam
479 1065 541 1106 illi
572 1078 650 1118 pro
683 1077 727 1104 re
753 1063 1035 1116 referendam,
1069 1063 1272 1117 quoniam
1298 1063 1379 1104 sibi
1404 1077 1675 1117 nequaquam
1707 1063 1811 1106 satis

259 1124 477 1165 facultatis
521 1137 598 1177 pro
637 1137 713 1164 suo
759 1123 899 1164 animo
945 1124 1072 1176 atque
1115 1122 1230 1163 illius
1270 1135 1372 1177 erga
1410 1135 1454 1162 se
1498 1121 1649 1163 merito
1688 1124 1812 1176 esset,

190 1183 235 1215 10
259 1186 458 1237 parentes
485 1182 582 1223 inde
603 1181 860 1236 cognatique
885 1180 1064 1235 virginis
1088 1181 1310 1235 appellati3
1338 1180 1421 1235 qui,
1447 1180 1650 1234 quoniam
1675 1180 1809 1234 gratis

260 1241 343 1282 sibi
386 1240 630 1282 redderetur
673 1240 812 1294 virgo,
858 1239 910 1281 ad
955 1254 1083 1294 quam
1126 1239 1416 1281 redimendam
1460 1239 1562 1280 satis
1607 1252 1811 1294 magnum

191 1301 231 1331 11
260 1300 510 1341 attulissent
541 1299 633 1340 auri
671 1299 851 1353 pondus,
884 1313 1005 1341 orare
1039 1297 1297 1352 Scipionem,
1336 1301 1384 1339 ut
1415 1297 1458 1338 id
1490 1298 1542 1339 ab
1576 1312 1619 1338 se
1651 1297 1810 1339 donum

260 1359 486 1413 acciperet,
520 1360 764 1412 coeperunt,
798 1358 912 1399 haud
944 1357 1151 1399 minorem
1184 1358 1273 1398 eius
1305 1357 1367 1398 rei
1401 1356 1511 1411 apud
1545 1370 1588 1397 se
1621 1356 1807 1411 gratiam

258 1417 447 1459 futuram
485 1431 575 1458 esse
614 1417 884 1458 adfirmantes
923 1430 1051 1471 quam
1087 1415 1276 1457 redditae
1313 1416 1542 1458 inviolatae
1579 1414 1691 1457 foret
1727 1416 1835 1474 vir-N

1836 1475 1839 1494 1

307 1584 338 1614 5.
359 1581 461 1615 cordi
478 1580 564 1626 esse]
588 1579 677 1614 ‘lieb
697 1579 770 1613 und
791 1579 998 1623 angenehm

260 1627 370 1669 sein⁷;
397 1627 610 1663 formelhaft
634 1627 671 1661 in
692 1627 813 1672 Bezug
839 1627 904 1661 auf
927 1627 998 1661 den

259 1674 464 1719 gottlichen
504 1674 659 1709 Willen:
709 1674 766 1708 dis
809 1675 910 1709 cordi
949 1677 997 1708 est

259 1721 318 1765 22,
344 1726 374 1764 1,
403 1726 461 1765 16;
493 1723 570 1766 reqi
595 1721 695 1756 cordi
719 1725 768 1756 est
793 1720 854 1763 28,
883 1724 938 1765 18,
964 1724 994 1755 5.

259 1779 289 1804 c.
315 1772 377 1812 20,
405 1773 434 1803 7.
471 1769 509 1812 8,
538 1773 575 1812 7,
603 1773 622 1803 6
654 1779 697 1802 ne
728 1768 859 1803 collata
889 1769 996 1814 siqna

225 1832 230 1834 -
257 1816 441 1850 nobiscum
466 1817 567 1850 cordi
593 1817 677 1850 sint.

305 1875 390 1909 ludo
435 1875 578 1920 aetatis]
632 1874 752 1909 ‘wenn
795 1873 856 1908 ich
899 1874 997 1909 mich

253 1921 514 1966 jugendlicher
551 1922 642 1956 Lnst
681 1921 808 1956 freuen
846 1920 995 1956 diirfte’.

257 1969 322 2012 37,
351 1972 413 2012 20,
441 1973 460 2004 5
490 1980 582 2013 pars
613 1969 654 2002 in
685 1969 866 2003 iuvenales
897 1969 998 2003 lusus

258 2017 511 2060 lasciviamque
536 2017 638 2051 versi.
688 2015 748 2057 39,
778 2019 830 2058 15,
865 2019 883 2050 7
914 2027 998 2050 con-

258 2074 391 2098 cessum
416 2064 542 2098 ludum
568 2067 598 2098 et
619 2063 815 2098 lasciviam⁷

304 2123 346 2156 in
369 2125 462 2157 recto
482 2125 513 2156 et
532 2122 686 2165 leqitimo
709 2120 842 2167 amore]
863 2125 996 2156 rectus:

257 2180 333 2203 was
360 2180 399 2203 so
420 2169 480 2212 ist,
506 2168 574 2203 wie
596 2179 633 2202 es
653 2167 731 2203 sein
751 2168 831 2202 soll.
861 2167 944 2213 Vgl.
968 2180 996 2204 c.

256 2219 290 2259 8,
313 2220 330 2251 7
352 2220 451 2251 recte.
478 2215 512 2259 3,
536 2219 591 2258 44,
612 2219 631 2249 ‘2
654 2216 710 2249 vir
729 2216 880 2259 exempli
899 2217 995 2250 recti.

303 2285 439 2310 soceros
458 2278 537 2310 tuos
550 2274 801 2320 parentesque]
820 2285 886 2319 que
899 2275 998 2309 steht

258 2322 338 2357 hier
363 2322 577 2367 explikativ,
608 2321 730 2356 indem
758 2333 795 2356 es
822 2322 903 2356 dem
933 2322 996 2356 Be-

258 2369 380 2411 griffe:
427 2369 755 2414 Schwiegereltern
794 2369 864 2403 den
903 2368 997 2404 noch

257 2416 372 2451 nither
416 2416 719 2460 specialisierten:
765 2415 891 2450 Eltern
935 2416 999 2450 der

258 2464 372 2498 Braut
390 2463 594 2507 hinzuffigt.
637 2463 695 2505 21,
713 2467 744 2506 6,
760 2467 779 2497 6
803 2464 843 2497 in
863 2463 999 2507 Hispa-

257 2512 357 2545 niam
387 2510 711 2555 Hannibalemque.

307 2574 337 2605 7.
363 2570 501 2604 amicus
525 2569 590 2615 sis]
621 2569 714 2604 nach
741 2569 822 2603 dem
850 2580 997 2603 vorans·

257 2617 451 2662 gehenden
487 2617 581 2651 hanc
615 2618 787 2651 erwartet
823 2627 908 2650 man
945 2620 997 2658 ut,

257 2665 370 2699 durch
416 2665 545 2698 dessen
584 2663 743 2707 Wegl'all
781 2663 868 2698 aber
906 2663 997 2698 wird

257 2712 315 2746 die
355 2711 628 2756 Aufforderung
666 2710 886 2755 dringender
923 2711 997 2745 und

262 2759 455 2794 lebhafter.

257 2806 476 2887 Dra-³3?-
489 2805 667 2887 aas?
684 2804 995 2887 {surnaria-

257 2899 394 2934 Person
410 2865 556 2934 vg'rtritt
573 2902 608 2934 in
624 2881 688 2934 (ier
702 2898 994 2934 vorklassischen

1070 1578 1225 1614 Periode
1262 1578 1387 1623 haufig
1420 1577 1491 1612 den
1523 1577 1741 1622 Imperativ,
1775 1577 1813 1612 in

1070 1625 1134 1660 der
1160 1625 1386 1660 klassischen
1411 1625 1540 1667 selten,
1566 1624 1627 1659 bei
1647 1624 1726 1658 Liv.
1752 1636 1813 1659 zu-

1069 1672 1210 1708 weilen.
1253 1671 1293 1715 3,
1321 1675 1383 1714 48,
1410 1675 1431 1706 4
1461 1672 1563 1706 sinas
1591 1692 1632 1696 —
1656 1682 1811 1716 percun-

1069 1720 1172 1755 ctari.
1200 1719 1260 1761 22,
1286 1723 1341 1762 53,
1371 1723 1410 1753 11
1442 1719 1596 1762 afficias.

1116 1771 1146 1801 9.
1179 1767 1314 1811 qaadio
1342 1766 1531 1811 perfusus]
1558 1765 1653 1810 perf.
1682 1765 1810 1810 haufig

1067 1825 1140 1849 von
1159 1813 1340 1849 lebhafter
1355 1813 1546 1858 Erregung
1559 1812 1633 1847 und
1648 1823 1720 1847 von
1741 1812 1812 1848 den

1070 1872 1210 1905 ganzen
1266 1861 1408 1905 Korper
1460 1859 1813 1895 durchstromenden

1070 1908 1382 1953 Empfindungen:
1405 1908 1588 1952 rehyione,
1607 1910 1711 1951 metu,
1731 1907 1811 1942 hor-

1070 1966 1162 1998 rore,
1188 1957 1312 1990 timore
1331 1955 1521 1999 perfundi.

1121 2006 1172 2037 10.
1200 2002 1299 2048 inde]
1328 2002 1392 2037 Bei
1418 2002 1495 2036 Liv.
1521 2001 1613 2035 wird
1639 2001 1705 2035 das
1726 2000 1811 2035 Ein-

1069 2051 1191 2084 treten
1211 2050 1275 2084 des
1297 2050 1520 2084 Nachsatzes
1538 2048 1643 2083 nicht
1662 2060 1730 2082 nur
1745 2047 1815 2082 mit

1070 2101 1145 2131 tum
1165 2097 1239 2131 und
1259 2098 1322 2138 ibi,
1348 2096 1504 2131 sondern
1526 2095 1619 2130 auch
1639 2094 1709 2129 mit
1727 2095 1811 2129 inde

1071 2144 1400 2188 gekennzeichnet,
1462 2144 1556 2177 nach
1616 2152 1811 2186 vorausge-

1071 2201 1278 2236 gangenem
1304 2202 1394 2227 cum,
1416 2193 1607 2234 postquam
1630 2189 1704 2223 und
1724 2188 1813 2223 Par-

1070 2238 1537 2282 ticipialkonstruktionen.
1588 2236 1654 2277 21,
1693 2239 1754 2277 43,
1794 2240 1809 2270 1

1071 2296 1151 2319 cum
1176 2286 1426 2325 dimisisset—,
1452 2284 1616 2318 contione
1641 2283 1724 2318 inde
1749 2283 1810 2318 ad-

1071 2335 1197 2366 vocata
1223 2332 1284 2374 39,
1309 2335 1365 2375 26,
1395 2336 1436 2366 10
1463 2343 1495 2365 u.
1524 2335 1556 2365 ὃ.

1121 2383 1173 2413 11.
1207 2380 1368 2413 redditae
1407 2379 1601 2413 inviolatae
1638 2376 1810 2422 virqinis]

1073 2426 1207 2471 Haufig
1245 2426 1437 2461 ven-bindet
1467 2426 1545 2460 Liv.
1577 2424 1811 2469 asyndetisch

1073 2473 1161 2508 zwei
1188 2473 1388 2518 Participia
1414 2484 1452 2508 so
1482 2472 1550 2506 mit
1574 2471 1694 2506 einem
1720 2471 1811 2506 Sub-

1073 2520 1220 2562 stantiv,
1245 2520 1324 2555 dass
1346 2521 1411 2555 das
1432 2522 1526 2555 erate
1545 2519 1738 2562 (redditae)
1756 2517 1810 2553 als

1071 2567 1238 2602 Attribut
1282 2579 1324 2602 zu
1368 2567 1578 2602 demselben
1616 2565 1809 2608 erscheint,

1072 2615 1137 2649 das
1157 2614 1285 2650 zweite
1305 2614 1384 2649 eine
1407 2615 1540 2649 nabere
1558 2613 1811 2657 Bestimmung

1070 2662 1133 2696 des
1187 2673 1226 2697 so
1275 2662 1542 2697 entstaudenen
1594 2658 1810 2694 Gesamtbe-

1069 2709 1171 2753 griffs
1197 2709 1342 2744 euth‘x‘zlt
1365 2709 1609 2749 (inviolatae),
1639 2706 1733 2741 auch
1758 2706 1809 2740 im

1070 2756 1150 2792 Abl.
1177 2757 1290 2791 absol.
1317 2756 1352 2799 2,
1374 2760 1405 2798 7,
1428 2760 1442 2789 1
1470 2755 1602 2790 onu'ssa
1626 2754 1735 2788 irm'ta
1760 2764 1809 2788 re.

1069 2803 1129 2845 27,
1156 2808 1211 2844 34,
1237 2808 1257 2838 3
1282 2803 1462 2837 moderato
1485 2806 1514 2836 et
1537 2801 1713 2845 prudenti
1731 2801 1809 2836 viro

1068 2851 1241 2885 adiuncto
1266 2850 1407 2894 colleya.
1439 2850 1470 2889 l,
1501 2852 1552 2888 14,
1579 2852 1599 2882 4
1627 2849 1809 2884 iuventute

1068 2901 1211 2932 armata
1238 2898 1406 2932 immissa.

1991 2236 2000 3138 ——.-—-.—-—-⁴-———-—.-4——·m———.4.—
1996 2207 2000 2219 -
1998 2186 2000 2190 r
1995 2123 2000 2174 -..-
