2000 3338
767 167 913 202 LIBER
936 167 1066 202 XXVI.
1117 167 1219 203 CAP.
1244 171 1300 202 21.
1645 183 1671 202 a.
1698 184 1728 203 u.
1756 177 1818 204 543.

274 167 331 209 46

228 284 247 314 9
273 275 385 317 inter
409 275 569 328 primas
590 272 793 314 Graeciae
818 272 945 313 urbes
965 271 1199 326 Syracusae
1220 276 1394 314 ornatae
1419 272 1599 315 fuerant.
1635 274 1821 316 Punicae

276 346 441 388 quoque
467 331 667 373 victoriae
693 331 864 386 signum
891 333 987 372 octo
1014 330 1131 372 ducti
1151 329 1380 385 elephanti.
1420 333 1464 372 et
1486 346 1572 374 non
1595 333 1819 374 minimum

274 392 390 432 fuere
422 389 709 444 spectaculum
742 403 838 430 cum
864 389 1032 430 coronis
1060 389 1198 430 aureis
1230 388 1529 443 praecedentes
1554 389 1671 433 Sosis
1693 390 1820 446 Syra-

205 458 247 489 10
274 462 454 490 cusanus
493 450 536 489 et
564 447 774 490 Moericus
805 447 1042 502 Hispanus,
1080 461 1259 502 quorum
1299 447 1433 489 altero
1472 448 1575 490 duce
1610 451 1820 492 nocturno

274 506 504 561 Syracusas
542 506 767 548 introitum
805 508 913 560 erat,
954 506 1061 547 alter
1091 504 1256 547 Nasum
1294 506 1488 561 quodque
1525 506 1586 548 ibi
1621 509 1822 561 praesidii

205 575 244 604 11
274 568 366 607 erat
395 565 651 619 prodiderat.
706 565 772 607 his
806 565 1012 606 ambobus
1045 564 1194 606 civitas
1227 564 1326 606 data
1357 567 1400 606 et
1431 565 1645 620 quingena
1674 566 1822 622 iugera

274 624 383 679 agri,
421 622 561 666 Sosidi
597 624 641 665 in
673 638 776 679 agro
810 622 1096 678 Syracusano,
1134 623 1207 678 qui
1239 626 1314 665 aut
1350 623 1492 678 regius
1525 625 1598 664 aut
1633 623 1822 667 hostium

271 683 420 737 populi
451 681 635 724 Romani
666 683 834 736 fuisset,
875 684 917 723 et
948 682 1071 723 aedes
1105 680 1324 736 Syracusis
1357 682 1473 724 cuius
1505 682 1635 724 vellet
1665 696 1824 739 eorum,

203 749 244 781 12
271 742 314 782 in
353 755 458 796 quos
496 741 597 782 belli
633 741 724 782 iure
756 740 1098 782 animadversum
1136 743 1266 795 esset3
1304 740 1490 782 Moerico
1522 740 1825 796 Hispanisque,

272 801 343 854 qui
375 814 470 841 cum
503 813 551 840 eo
582 799 860 853 transierant,
897 799 999 840 urbs
1033 813 1216 854 agerque
1247 800 1293 841 in
1325 799 1469 842 Sicilia
1502 814 1551 841 ex
1585 800 1657 853 iis,
1694 800 1766 854 qui
1799 815 1824 842 a

204 867 245 898 13
271 858 427 912 populo
459 857 654 899 Romano
692 857 962 911 defecissent,
999 857 1114 898 iussa
1151 858 1254 899 dari.
1314 858 1357 899 id
1388 857 1443 899 M.
1476 857 1673 901 Cornelio
1705 873 1824 901 man·

272 916 418 958 datum
455 918 519 970 ut,
556 916 630 957 ubi
669 917 706 957 ei
744 916 972 969 videretur,
1011 915 1160 957 urbem
1200 930 1432 971 agrumque
1473 917 1533 959 eis
1566 917 1825 973 adsignaret.

271 975 316 1016 in
354 974 500 1017 eodem
539 988 643 1030 agro
681 974 909 1030 Belligeni,
951 988 1027 1028 per
1069 988 1193 1028 quem
1230 975 1397 1017 illectus
1435 975 1487 1016 ad
1524 976 1824 1018 transitionem

273 1033 483 1076 Moericus
517 1037 625 1086 erat,
657 1033 969 1089 quadringenta
999 1033 1147 1088 iugera
1180 1033 1271 1088 agri
1304 1033 1483 1076 decreta.

202 1101 244 1132 14
388 1092 492 1134 Post
528 1092 836 1146 profectionem
869 1106 918 1133 ex
951 1090 1097 1133 Sicilia
1126 1090 1316 1134 Marcelli
1347 1091 1508 1134 Punica
1544 1093 1693 1134 classis
1726 1095 1823 1135 octo

271 1151 391 1192 milia
415 1151 624 1205 peditum,
650 1151 734 1192 tria
758 1150 1040 1193 Numidarum
1067 1150 1257 1204 equitum
1283 1150 1489 1205 exposuit.
1540 1151 1592 1192 ad
1618 1165 1690 1193 eos
1709 1150 1825 1192 Mur·

271 1210 419 1264 gantia
456 1212 499 1252 et
535 1207 586 1234 *³¹⁶
626 1209 826 1251 defecere.
888 1211 1055 1251 secutae
1099 1209 1378 1251 defectionem
1417 1224 1562 1251 earum
1601 1209 1745 1264 Hybla
1781 1213 1825 1252 et

201 1277 243 1308 15
269 1267 450 1310 Macella
481 1271 524 1310 et
554 1268 834 1323 ignobiliores
871 1268 1076 1323 quaedam
1110 1268 1229 1309 aliae.
1286 1271 1328 1310 et
1357 1268 1569 1310 Numidae
1605 1268 1823 1322 praefecto

269 1326 453 1369 Muttine
479 1328 578 1382 vagi
602 1341 679 1382 per
703 1329 842 1369 totam
862 1326 1051 1369 Siciliam
1078 1327 1290 1369 sociorum
1315 1327 1463 1382 populi
1485 1327 1670 1369 Romani
1696 1340 1823 1383 agros

202 1395 243 1426 16
269 1385 461 1427 urebant.
525 1400 651 1440 super
687 1385 792 1428 haec
831 1387 1038 1428 exercitus
1070 1385 1287 1428 Romanus
1325 1387 1478 1441 iratus,
1514 1386 1673 1441 partim
1712 1385 1824 1441 quod

271 1459 365 1486 cum
395 1445 653 1499 imperatore
683 1459 771 1486 non
802 1445 1000 1487 devectus
1034 1459 1083 1486 ex
1114 1445 1332 1500 provincia
1364 1448 1490 1497 esset,
1522 1446 1678 1499 partim
1711 1444 1824 1500 quod

269 1504 314 1545 in
354 1504 522 1558 oppidis
565 1503 792 1545 hibernare
830 1504 952 1545 vetiti
991 1506 1127 1558 erant,
1172 1504 1293 1559 segni
1328 1504 1619 1559 fungebantur
1657 1503 1825 1558 militia,

201 1571 242 1602 17
269 1563 490 1617 magisque
517 1563 577 1604 eis
611 1565 758 1604 auctor
784 1563 836 1604 ad
869 1563 1120 1604 seditionem
1153 1578 1280 1618 quam
1308 1563 1474 1605 animus
1506 1563 1662 1604 deerat.
1711 1563 1823 1604 inter

269 1621 347 1662 has
381 1621 653 1663 difficultates
683 1620 741 1662 M.
768 1619 988 1664 Cornelius
1019 1624 1193 1676 praetor
1225 1624 1267 1663 et
1298 1622 1483 1663 militum
1516 1622 1680 1664 animos
1711 1635 1823 1663 nune

269 1680 527 1723 consolando
565 1694 676 1722 nunc
708 1680 959 1736 castigando
999 1680 1163 1722 sedavit
1200 1683 1243 1721 et
1282 1680 1477 1722 civitates
1515 1695 1678 1734 omnes,
1715 1694 1823 1735 quae

316 1797 409 1831 inter
423 1796 581 1841 primas]
605 1796 688 1831 ‘wie
709 1796 830 1840 wenig
845 1796 1006 1832 andere.'

214 1835 217 1838 ’
269 1843 342 1878 Der
359 1843 557 1878 Reichtum
582 1854 655 1878 von
680 1854 774 1888 ganz
794 1843 943 1879 Sicilien
963 1855 1009 1879 an

267 1890 501 1925 Bildwerken
533 1890 627 1925 auch
658 1891 755 1925 noch
779 1890 818 1925 in
846 1893 1010 1936 spaterer

269 1937 348 1973 Zeit
372 1937 422 1972 ist
440 1947 504 1972 aus
531 1937 596 1972 der
621 1941 653 1972 4.
675 1937 775 1972 Rede
797 1938 860 1973 des
883 1937 1008 1974 Cicero

267 1995 387 2029 gegen
405 1984 539 2019 Verres
559 1984 734 2020 bekannt.
747 2005 791 2010 ——
807 1985 894 2020 Zum
915 1984 1007 2020 Aus-

268 2031 382 2066 druek
408 2032 502 2066 inter
527 2043 567 2076 p.
600 2031 810 2076 vergleiche
836 2032 902 2067 das
935 2034 1009 2067 erst

267 2089 338 2114 von
363 2078 440 2113 Liv.
479 2078 709 2124 eingeft'ihrte
743 2079 838 2114 inter
870 2090 1010 2124 paucos

268 2125 327 2170 22,
355 2129 385 2168 7,
414 2130 444 2161 1.
471 2125 531 2169 23,
557 2129 614 2170 44,
639 2130 672 2160 4.

315 2177 346 2208 9.
374 2183 454 2208 cum
480 2174 620 2208 coronis
646 2173 784 2219 aureis]
811 2173 924 2208 Beide
944 2173 1007 2208 ha-

265 2220 337 2255 ben
377 2219 435 2255 die
468 2230 599 2255 corona
631 2221 785 2255 muralis
822 2220 1007 2264 erhalten;

266 2266 335 2302 wie
374 2267 426 2302 sie
461 2266 624 2302 dieselbe
661 2267 830 2303 verdient
867 2268 1007 2313 hatten,

265 2313 357 2349 wird
383 2313 433 2348 im
461 2314 706 2350 Relativsatze
733 2315 958 2360 angegeben.

315 2365 367 2396 10.
403 2361 541 2408 Nasos]
583 2361 750 2397 dorische
796 2362 903 2397 Form
950 2362 1008 2397 fiir

265 2408 391 2453 νῆσος;
417 2408 612 2453 wichtiger
627 2408 803 2444 Stadtteil
815 2420 884 2444 von
901 2408 1005 2454 Syra-

265 2456 344 2498 kus,
370 2456 502 2490 dessen
521 2455 727 2491 Einnahme
749 2456 808 2500 25,
836 2460 880 2492 30
895 2456 929 2492 ff.
952 2467 1005 2492 er-

265 2502 365 2538 zahlt
389 2502 491 2537 wird.

314 2554 366 2584 11.
382 2551 509 2585 civitas
524 2579 530 2586 .
548 2577 553 2584 .
571 2578 577 2584 .
595 2579 601 2585 .
618 2553 649 2584 et
665 2551 846 2595 quingena
860 2551 1003 2597 ingycra]

265 2596 426 2632 n'amlich
466 2596 579 2632 durch
612 2597 801 2641 Plebiscit,
843 2597 912 2632 wie
945 2598 1003 2641 27,

265 2649 296 2688 5,
313 2649 342 2679 7.
372 2644 552 2679 Muttines
571 2645 677 2679 eliam
697 2645 785 2679 civis
804 2644 850 2679 R.
871 2645 1001 2689 factus,

264 2692 449 2736 royatione
481 2692 524 2726 ab
551 2692 697 2726 tribuno
723 2692 841 2736 plebis
867 2703 909 2727 ex
938 2704 1001 2727 au-

265 2740 428 2774 ctoritate
467 2742 615 2783 patrum
663 2740 710 2773 ad
745 2740 878 2783 plebem
919 2740 1000 2776 lato.

266 2787 336 2821 Das
372 2786 483 2821 ihnen
525 2786 748 2831 geschenkte
787 2786 1002 2821 Aekermass

265 2833 311 2867 ist
343 2833 408 2867 <las
447 2833 601 2868 hochste
633 2834 728 2868 nach
766 2833 848 2868 dem
883 2834 1001 2868 licini-

265 2880 373 2914 schen
389 2879 520 2915 Gosetz
540 2880 741 2925 zuliissige3
763 2881 841 2915 also
855 2880 1002 2916 werden

266 2927 317 2961 sie
344 2926 482 2971 sstirger
508 2930 623 2962 erster
649 2927 788 2962 Klasse.

1130 1797 1211 1841 αρν-ι’
1237 1813 1280 1825 =
1304 1795 1426 1838 Land3
1455 1797 1495 1830 in
1521 1806 1610 1841 ayro
1630 1813 1673 1825 =
1693 1795 1733 1830 in
1757 1795 1823 1832 der

1082 1843 1300 1885 Feldmark3
1334 1842 1468 1878 ebenso
1495 1846 1514 1886 ξ
1543 1847 1584 1878 12
1612 1843 1698 1878 urbs
1722 1853 1821 1888 aqer-

1081 1902 1147 1935 que
1178 1907 1221 1919 =
1255 1890 1335 1925 eine
1375 1890 1483 1925 Stadt
1518 1890 1588 1925 mit
1620 1889 1720 1926 ihrer
1754 1890 1822 1926 Ge-

1082 1938 1273 1983 markung.

1131 1989 1184 2020 12.
1211 1996 1254 2020 ea:
1278 1985 1326 2020 iis
1346 2001 1389 2014 =
1416 1995 1459 2019 av
1484 1995 1603 2019 eorum
1629 1985 1740 2030 ayris,
1759 1985 1824 2030 qui

1081 2033 1153 2077 vgl.
1182 2043 1211 2067 c.
1241 2037 1271 2075 1,
1299 2036 1352 2067 10.

1131 2083 1184 2113 14.
1211 2082 1295 2124 post
1326 2079 1583 2123 profectionem
1618 2089 1662 2113 esc
1687 2077 1819 2113 Sicilia

1084 2126 1270 2172 Marcelle]
1331 2125 1645 2170 Ungewohnliche
1694 2125 1821 2160 Wort·

1081 2173 1244 2218 stellnng
1268 2173 1341 2218 vgl.
1369 2184 1397 2207 c.
1428 2176 1481 2215 13,
1506 2176 1522 2206 l
1551 2182 1745 2207 concursus
1770 2172 1820 2207 ad

1081 2221 1220 2255 curiam
1247 2220 1388 2265 populi.
1421 2219 1481 2262 29,
1508 2223 1540 2262 6,
1570 2223 1586 2253 1
1614 2222 1698 2264 post
1728 2219 1821 2254 redi-

1081 2271 1155 2302 tum
1188 2278 1230 2301 ea·
1264 2267 1396 2310 Africa
1431 2265 1467 2301 C.
1500 2266 1631 2301 Laelii.
1681 2267 1722 2301 In
1754 2266 1821 2301 der

1080 2314 1195 2360 Regel
1220 2314 1377 2349 nehmen
1405 2313 1469 2349 der
1490 2313 1637 2348 Genitiv
1661 2313 1737 2348 und
1756 2312 1821 2348 dae

1080 2361 1429 2396 Verbalsubstantiv
1477 2360 1535 2396 die
1585 2360 1819 2429 Oortsbestim-

1079 2407 1666 2491 ῗὲὶῗιὲιῗῖίέῃῖἰᾱοιὶιαξξιήξιῗίιῗὲιιΐὶιζξ,
1693 2411 1749 2452 61,
1777 2411 1819 2442 13

1126 2503 1214 2549 tria]
1235 2502 1399 2537 namlich
1419 2503 1540 2546 milia;
1566 2501 1634 2537 wie
1655 2501 1732 2537 sich
1752 2512 1819 2537 aus

1078 2550 1161 2585 dem
1194 2552 1313 2585 ersten
1340 2549 1445 2585 Glied
1479 2550 1575 2585 ohne
1601 2548 1818 2594 Schwierig-

1077 2597 1155 2632 keit
1193 2597 1352 2643 ergiebt,
1385 2597 1458 2631 und
1491 2596 1607 2631 daher
1637 2595 1731 2631 auch
1764 2594 1818 2630 oft

1077 2645 1327 2691 weggelassen
1353 2643 1454 2679 wird.
1481 2643 1541 2685 21,
1563 2646 1617 2685 59,
1641 2646 1656 2676 1
1685 2642 1818 2677 duode-

1076 2693 1141 2727 cim
1162 2693 1265 2727 milia
1279 2692 1454 2736 peditum,
1473 2691 1630 2735 quinque
1648 2690 1815 2734 equitum.

1123 2743 1176 2774 16.
1203 2750 1310 2784 super
1328 2738 1428 2783 haec]
1446 2754 1488 2766 =
1504 2736 1685 2779 {iberdies;
1708 2747 1818 2781 super

1076 2786 1224 2822 vertritt
1264 2785 1323 2820 bei
1355 2785 1432 2819 Liv.
1473 2784 1576 2819 nicht
1607 2783 1724 2818 selten
1756 2783 1816 2818 die

1076 2832 1190 2868 Stelle
1226 2843 1295 2867 von
1323 2835 1479 2876 praeter,
1517 2830 1744 2866 namentlich
1778 2830 1816 2865 in

1073 2891 1181 2924 super
1218 2883 1343 2921 celcra,
1381 2879 1468 2921 alla,
1507 2879 1600 2914 hacc.
1652 2877 1734 2923 vgl.
1755 2877 1816 2921 80,

1078 2931 1107 2969 1,
1135 2931 1154 2962 6
1182 2939 1214 2962 u.
1244 2940 1269 2962 s.
1300 2938 1342 2963 w.
