2000 3338
751 703 1024 747 Kritischer
1055 702 1269 756 Anhang.

345 903 647 948 Abweichungen
671 912 743 937 von
769 901 833 936 der
858 901 1029 946 Ausgabe
1054 900 1342 936 Weissenborns.
1391 901 1557 947 Leipzig,
1585 904 1687 938 1878.

239 952 315 987 Md.
342 968 386 980 =
411 949 579 995 Madvig,
612 949 714 984 st.
741 965 786 978 =
812 948 1089 990 Weissenborn,
1121 946 1210 983 Wfl.
1237 964 1281 976 =
1306 948 1489 991 Wolfflin,
1517 950 1559 984 L.
1586 966 1630 978 =
1655 949 1788 994 Luchs,

239 999 370 1044 stg.
384 1015 428 1027 =
443 997 680 1042 Wesenberg,
705 996 760 1030 Ff.
776 1012 820 1025 =
833 994 1108 1037 Friedersdorff,
1133 994 1172 1029 P.
1188 1011 1232 1023 =
1245 993 1466 1038 Puteaneus‚
1486 995 1521 1032 S.
1536 1012 1581 1025 =
1595 996 1790 1042 Spirensis,

774 1053 806 1080 ς.
828 1059 872 1072 =
887 1042 1043 1088 jiingere
1068 1041 1255 1076 Handsch.

335 1127 364 1150 c.
392 1119 424 1158 2,
450 1119 471 1150 2
492 1115 764 1159 auspicatorum
782 1113 1022 1158 comitiorum]
1049 1112 1359 1158 auspicandorum
1377 1112 1602 1148 comitiorum
1620 1112 1695 1147 Md.
1715 1124 1785 1149 em.

239 1162 316 1198 Liv.
343 1175 378 1207 p.
405 1166 484 1197 370.

334 1213 366 1253 2,
395 1213 438 1244 10
469 1209 558 1254 quid
588 1208 795 1251 interfuisse
825 1208 920 1242 inter
954 1207 1032 1242 Tib.
1066 1204 1342 1251 Sempronium?
1373 1217 1452 1240 cum
1477 1206 1532 1252 ei]
1565 1206 1654 1251 quid
1677 1206 1787 1243 inter-

238 1257 351 1300 fuisse
374 1257 469 1292 inter
497 1256 553 1290 Ti.
580 1255 833 1300 Sempronium
857 1257 888 1289 et
915 1253 979 1289 Cn.
1006 1252 1210 1289 Fulvium?
1237 1253 1292 1288 Ti.
1320 1252 1572 1297 Sempronium
1599 1264 1680 1289 cum
1697 1254 1731 1290 ei
1750 1282 1758 1290 .
1780 1282 1787 1289 .

239 1304 312 1339 Md.
338 1304 385 1339 ib.

333 1355 366 1394 2,
395 1354 437 1384 12
463 1350 596 1384 mirum
627 1360 696 1384 esse
728 1349 868 1383 cessisse
897 1349 1027 1383 milites
1059 1349 1098 1383 in
1124 1347 1217 1393 acie]
1247 1357 1321 1382 non
1345 1348 1478 1382 stetisse
1502 1348 1633 1383 milites
1657 1347 1789 1394 stg.

237 1396 594 1433 Emendatiunculae
626 1396 705 1430 Liv.
741 1399 848 1439 1874,
886 1407 922 1440 p.
955 1399 1017 1430 66:
1051 1396 1162 1430 latine
1193 1395 1256 1430 viae
1287 1394 1439 1429 dicitur:
1472 1394 1513 1429 in
1545 1395 1622 1430 acie
1653 1396 1788 1438 cedere;

238 1446 392 1480 dicitur:
418 1455 461 1479 ex
480 1445 566 1479 acie.
598 1444 795 1488 Aptissime
813 1443 908 1477 inter
925 1453 961 1477 se
985 1443 1217 1487 respondent:
1242 1452 1316 1477 non
1333 1442 1466 1476 stetisse
1485 1444 1517 1476 et
1537 1445 1671 1477 stantes
1689 1445 1709 1484 ξ
1730 1445 1786 1477 13.

240 1492 287 1528 So
314 1492 427 1527 sehon
455 1490 555 1534 Otto,
582 1490 827 1525 divinationes
853 1489 1043 1533 Livianae,
1069 1488 1266 1524 Karlsruhe
1294 1492 1393 1523 1839.

332 1543 365 1583 3,
390 1542 413 1573 4
436 1549 510 1573 non
534 1549 570 1572 se
594 1538 721 1581 inopia
746 1540 969 1579 commeatus,
994 1547 1068 1571 non
1093 1538 1134 1571 in
1159 1537 1237 1571 loca
1261 1536 1392 1580 iniqua
1415 1536 1561 1570 incaute
1580 1501 1813 1583 deduc-tumst

237 1597 311 1622 non
335 1597 370 1621 se
395 1586 523 1630 inopia
548 1588 758 1619 commeatus
783 1585 824 1618 in
849 1585 928 1619 loca
951 1585 1081 1628 iniqua
1106 1584 1251 1618 incaute
1276 1583 1474 1617 deductum.
1502 1582 1677 1628 Doering.

331 1637 364 1678 4,
391 1637 411 1668 3
435 1633 572 1677 pedites
594 1631 878 1677 superabantur]
900 1631 1022 1675 pedite
1045 1631 1324 1675 superabantwr.
1352 1629 1570 1665 Gronovius.

331 1685 364 1724 4,
391 1684 411 1714 6
437 1683 630 1724 postquam
663 1679 901 1713 adsuetudine
931 1677 1164 1724 quotidiana]
1189 1680 1377 1722 postquam
1402 1677 1440 1711 id
1465 1677 1704 1712 adsuetudine
1728 1687 1786 1722 qu.

238 1727 355 1770 Koch,
382 1726 656 1771 Brandenburg.
683 1726 725 1760 R.
753 1727 794 1760 A.
823 1729 923 1760 1860.
950 1737 983 1770 p.
1013 1728 1066 1759 10.

333 1779 366 1817 4,
392 1777 508 1809 9-—10
532 1774 757 1815 institutum,
788 1776 830 1807 ut
853 1773 974 1807 velites
1003 1773 1045 1806 in
1071 1772 1270 1817 leyionibus
1295 1770 1420 1816 essent]
1450 1769 1575 1816 stg.
1602 1782 1636 1815 p.
1664 1773 1708 1806 66
1732 1771 1790 1805 in-

227 1822 375 1865 ·stituto,
400 1825 450 1856 ut.
478 1821 612 1865 Ussing
636 1820 697 1856 bei
721 1820 796 1854 Md.
823 1831 892 1854 em.
918 1820 958 1854 L.
985 1831 1020 1864 p.
1048 1823 1115 1854 372
1141 1823 1174 1854 et
1198 1819 1416 1854 institutum.
1454 1818 1502 1852 Es
1527 1817 1578 1853 ist
1602 1817 1724 1853 nichts
1742 1829 1787 1853 zu

239 1869 394 1912 findern,
425 1868 582 1903 sondern
615 1867 674 1902 die
699 1866 853 1912 Angabe
878 1866 916 1901 in
947 1866 1082 1902 betreff
1103 1866 1168 1900 der
1196 1867 1314 1901 velites
1338 1865 1422 1900 faut
1447 1865 1603 1910 ebenso,
1634 1865 1704 1900 wie
1730 1864 1790 1900 die

239 1916 330 1950 iiber
354 1915 434 1950 ihre
459 1914 719 1959 Verwendung
745 1914 809 1949 der
835 1913 966 1956 Quelle
991 1914 1054 1949 des
1079 1912 1157 1948 Liv.
1183 1925 1246 1948 zur
1270 1913 1370 1948 Last.

336 1967 368 2007 5,
395 1966 415 1998 5
434 1962 646 2007 praemissis
676 1961 846 2007 namque]
876 1961 1084 2005 praemissis
1114 1961 1244 2005 itaque.
1271 1959 1327 1995 Ff.
1347 1960 1569 2005 praemissis.
1596 1961 1727 2005 nailque
1751 1959 1790 1994 P.

236 2011 522 2055 praemissisque.
550 2009 589 2044 L.
616 2009 712 2043 nach
733 2008 915 2054 jfingeren
940 2008 1020 2044 cod.
1046 2019 1080 2042 u.
1107 2007 1323 2043 Crevierius,

267 2086 273 2091 .
334 2061 366 2102 5,
393 2061 414 2092 8
440 2068 520 2092 cum
545 2057 724 2101 equitibus
748 2059 868 2091 seaetae
893 2056 1052 2100 leyionis‘
1084 2066 1146 2090 sex
1171 2056 1350 2100 leyionum
1373 2053 1532 2090 simmtl.
1559 2053 1694 2099 Hrsgb.

334 2108 366 2148 6,
395 2109 412 2138 1
438 2104 570 2147 inferri
594 2104 718 2148 coeqit]
745 2103 881 2146 inferre
905 2104 1028 2147 coepit.
1096 2102 1128 2138 d.
1156 2101 1265 2147 (nach
1291 2101 1468 2147 Ruperti).

335 2156 367 2196 6,
393 2155 414 2186 2
437 2162 503 2196 per
527 2151 694 2195 strayenz]
722 2161 830 2194 super
853 2153 1017 2194 strayem.
1044 2149 1180 2194 Ussing
1205 2149 1265 2184 bei
1290 2149 1363 2184 Md.
1390 2160 1458 2184 em.
1485 2149 1526 2183 L.
1553 2159 1588 2193 p.
1615 2151 1693 2183 372.

337 2203 368 2242 6,
395 2203 416 2233 4
441 2209 550 2243 quam
575 2198 684 2243 quod]
711 2209 818 2241 quam
845 2197 939 2232 nach
966 2196 1124 2232 Gronov.

336 2250 368 2289 6,
397 2250 437 2280 11
467 2266 508 2270 -
534 2245 662 2280 habuit
687 2245 824 2289 aliquot
851 2265 892 2269 -
919 2245 1046 2278 habitu
1071 2244 1195 2278 italico
1220 2243 1323 2277 st.
1350 2242 1395 2278 ed
1424 2245 1523 2277 1871.

337 2297 368 2336 6,
396 2297 439 2328 15
464 2304 538 2327 non
564 2291 619 2338 tu]
645 2302 690 2326 ne
713 2295 765 2333 tu,
791 2291 885 2326 nach
912 2302 943 2328 ς.

336 2344 368 2383 7,
394 2344 414 2375 3
440 2350 509 2384 quo
533 2340 623 2385 iam]
650 2349 819 2384 quonam,
844 2339 938 2373 nach
965 2349 996 2375 ς.

337 2391 368 2431 7,
395 2391 415 2422 6
442 2387 582 2431 ayenda
613 2385 865 2431 audendaque]
899 2397 938 2420 so
970 2396 1088 2431 gegen
1117 2384 1154 2419 L.
1189 2385 1357 2419 audenda
1381 2384 1680 2430 (subeundaque),
1717 2386 1791 2420 und

242 2445 359 2479 gegen
386 2434 513 2478 stg.
541 2444 608 2468 em.
636 2433 674 2467 L.
705 2436 795 2468 1874
821 2445 854 2477 p.
877 2436 920 2467 47
941 2433 1109 2467 audenda
1133 2432 1349 2477 ayendaque.
1393 2430 1480 2465 Wfl.
1509 2444 1552 2466 zu
1578 2431 1638 2475 22,
1659 2436 1714 2475 14,
1735 2436 1791 2467 14.

241 2482 352 2517 Fabri
378 2493 421 2516 zu
446 2481 506 2524 21,
533 2485 588 2521 40,
616 2485 646 2515 6.

337 2539 366 2565 c.
393 2532 425 2571 8,
453 2532 472 2563 9
500 2538 605 2572 aeyro
631 2527 803 2573 eundum]
831 2537 936 2572 aeyro
962 2527 1254 2571 digrediundum.
1281 2526 1382 2561 st.
1413 2529 1513 2561 1871.

338 2580 370 2619 9,
398 2580 415 2610 1
451 2575 641 2620 Volturno]
670 2574 898 2617 Volturnum,
923 2574 996 2608 alle
1024 2574 1154 2618 Hrsgb.

336 2627 368 2667 9,
396 2627 415 2657 2
442 2623 551 2657 ducit.
578 2622 642 2656 sub
671 2621 859 2668 Casinum]
892 2622 1001 2656 ducit.
1036 2621 1101 2656 sub
1131 2621 1273 2656 Casino.
1302 2621 1434 2667 Ussing
1465 2620 1526 2655 bei
1554 2620 1626 2655 Md.
1653 2631 1722 2655 em.
1751 2620 1789 2654 L.

243 2675 319 2705 373.
347 2671 476 2714 stg.
502 2682 536 2714 p.
565 2673 618 2703 66.

332 2722 370 2760 9,
398 2722 417 2752 6
450 2717 706 2752 tumultuosius
737 2727 844 2761 quam
876 2717 1041 2751 adlatum
1072 2719 1148 2750 erat
1180 2726 1289 2750 cursu
1319 2716 1502 2750 hominum
1529 2714 1790 2759 mlfinqenh‘um

240 2776 334 2800 vana
365 2765 505 2800 auditis
538 2767 648 2799 totam
685 2765 806 2799 urbem
839 2764 1011 2809 concitat]
1043 2763 1316 2804 tumultuosius,
1354 2773 1460 2807 quam
1495 2762 1608 2806 quod
1639 2761 1792 2796 allatum

239 2816 315 2847 erat
324 2839 482 2853 ......
510 2822 703 2846 concursu
730 2840 736 2846 .
759 2839 764 2845 .
789 2840 795 2845 .
822 2812 1076 2846 concitante
1101 2811 1153 2845 Ff.
1192 2810 1464 2850 turnulttwsius,
1496 2819 1601 2853 quam
1629 2809 1792 2844 adlatum

238 2863 333 2901 erat,
381 2862 676 2903 propayatum
719 2859 905 2893 discursu
948 2857 1021 2891 Md.
1067 2868 1134 2891 em.
1182 2857 1217 2891 1..
1263 2868 1296 2901 p.
1342 2859 1418 2891 373.
1470 2867 1577 2900 quam
1629 2856 1791 2891 adlatum

239 2910 315 2941 erat
337 2934 342 2939 .
366 2934 371 2940 .
397 2934 403 2940 .
423 2907 620 2946 (dis)cursu
642 2935 647 2941 .
671 2935 676 2941 .
700 2935 705 2940 .
728 2906 766 2940 L.
807 2906 856 2939 Zu
883 2906 1138 2940 tumultuosius
1163 2905 1342 2939 concitare
1362 2903 1435 2947 vgl.
1455 2902 1514 2945 36,
1538 2907 1590 2947 11,
1615 2907 1666 2937 11.
1692 2903 1792 2946 suere
