2000 3338
250 147 304 190 88
766 147 910 182 LIBER
934 147 1065 182 xxv1
1117 147 1219 182 CAP.
1246 152 1302 183 41.
1642 167 1667 184 22.
1688 166 1718 184 u.
1739 161 1803 185 544.
1850 135 1855 142 i

250 256 412 322 gnitate
439 254 563 295 deum
587 253 630 294 id
655 267 856 308 paremus
883 255 1010 307 atque
1038 265 1234 307 agamuS,
1261 267 1348 295 non
1373 257 1422 295 ut
1445 255 1528 309 ipsi
1553 270 1801 298 maneamus

248 315 293 356 in
324 312 551 366 Hispania,
589 311 662 352 sed
698 325 750 352 ne
783 310 917 352 Poeni
954 313 1172 364 maneant,
1209 324 1288 352 nec
1325 314 1373 352 ut
1407 326 1486 365 pro
1524 314 1618 368 ripa
1648 314 1799 356 Hiberi

249 373 412 413 stantes
438 383 658 411 arceamus
676 369 861 410 transitu
886 369 1045 423 hostes,
1072 368 1145 410 sed
1170 372 1219 409 ut
1238 369 1351 411 ultro
1369 372 1638 413 transeamus
1663 376 1802 415 trans-

203 445 221 475 7
248 429 518 482 feramusque
549 428 727 481 bellum,
759 441 908 468 vereor
937 441 990 468 ne
1020 427 1087 469 cui
1117 430 1308 468 vestrum
1339 428 1477 469 maius
1507 427 1552 469 id
1583 429 1802 472 audacius·

250 500 330 542 que
350 486 577 528 consilium
602 500 729 540 quam
751 488 824 526 aut
848 499 926 540 pro
946 485 1151 527 memoria
1171 485 1356 526 cladium
1377 499 1513 541 nuper
1534 491 1802 542 acceptarum

202 561 223 592 8
249 548 323 587 aut
358 559 438 599 pro
477 547 617 586 aetate
654 558 751 586 mea
787 544 995 585 videatur
1057 543 1260 585 adversae
1303 557 1473 598 pugnae
1510 544 1556 585 in

1591 544 1806 611 Hispania

248 603 408 645 nullius
440 603 486 644 in
518 603 661 644 animo
694 617 822 657 quam
853 616 949 644 meo
981 603 1121 643 minus
1154 602 1374 644 obliterari
1411 604 1610 657 possunt,
1648 604 1805 658 quippe

249 662 317 704 cui
354 664 477 716 pater
509 664 551 702 et-
588 664 767 715 patruus
804 661 919 702 intra
948 661 1129 716 triginta
1167 660 1329 702 dierum
1362 661 1570 714 spatium,
1609 663 1659 702 ut
1689 661 1807 703 aliud

202 737 223 767 9
249 734 376 775 super
400 720 515 761 aliud
541 720 830 761 cumularetur
854 718 1043 760 familiae
1068 722 1242 761 nostrae
1266 719 1414 773 funus,
1445 718 1662 760 interfecti
1689 722 1804 774 sunt3

249 780 322 820 sed
360 782 408 820 ut
444 778 673 819 familiaris
714 791 848 831 paene
888 777 1051 818 orbitas
1091 791 1139 818 ac
1178 777 1363 819 solitudo
1405 777 1569 832 frangit
1606 777 1811 830 animum,

249 837 310 878 ita
340 836 514 890 publica
539 849 633 876 011111
665 835 841 877 fortuna
864 838 956 875 tum
983 835 1119 876 virtus
1146 835 1371 889 desperare
1397 836 1447 877 de
1475 851 1640 877 summa
1664 849 1807 877 rerum

249 894 460 949 prohibet.

525 908 574 934 ea
617 893 707 935 fato
753 893 936 948 quodam
975 893 1075 934 data
1117 893 1244 934 nobis
1289 908 1381 935 sors
1419 897 1502 948 est,
1544 897 1592 936 ut
1634 894 1809 949 magnis

181 970 224 1000 10
252 953 450 995 omnibus
475 952 601 993 bellis
627 952 730 993 victi
755 951 991 992 vicerimus.
1041 954 1186 992 vetera
1211 952 1384 1005 omitto,
1408 952 1681 1007 Porsinnam,
1707 951 1807 994 Gal-

249 1012 335 1066 los,
373 1010 606 1053 Samnites:
645 1025 670 1052 a
706 1010 877 1051 Punicis
915 1009 1042 1050 bellis
1080 1010 1294 1063 incipiam.
1351 1013 1457 1065 quot
1491 1011 1666 1064 classes,
1703 1014 1809 1065 quot

182 1087 221 1116 11
250 1070 395 1124 duces,
433 1071 538 1124 quot
569 1069 777 1110 exercitus
808 1068 951 1122 priore
982 1068 1097 1109 bello
1130 1068 1278 1109 amissi
1313 1070 1428 1110 sunt!
1470 1068 1557 1110 iam
1595 1069 1696 1124 quid
1726 1069 1809 1111 11οο

249 1128 363 1170 bello
395 1127 657 1169 memorem?
689 1126 886 1169 omnibus
920 1129 993 1168 aut
1025 1127 1117 1181 ipse
1150 1126 1266 1168 adfui
1297 1127 1511 1180 cladibus,
1549 1130 1623 1168 aut
1654 1127 1810 1182 quibus

250 1187 354 1238 afui,
394 1186 574 1227 maxime
611 1200 720 1227 unus
759 1186 948 1227 omnium
987 1199 1059 1226 eas
1099 1186 1223 1227 sensi.

297 1342 327 1372 7.
352 1348 421 1382 pro
446 1336 546 1382 ripa]
581 1335 640 1370 die
665 1336 902 1379 Praposition
921 1347 993 1381 pro

249 1401 293 1414 =
318 1395 410 1419 vorn
448 1395 496 1418 an
522 1386 589 1428 (an
621 1383 685 1417 der
715 1383 870 1427 Kfiste)‚
903 1383 994 1428 geht

248 1431 352 1466 nicht
371 1431 487 1466 selten
507 1442 573 1465 aus
593 1429 658 1465 der
676 1428 907 1464 raumlichen
927 1430 992 1464 Be-

249 1479 414 1523 deutung
432 1478 471 1512 in
491 1477 551 1512 die
571 1488 676 1521 „zum
691 1476 871 1511 Schutze“
889 1477 990 1512 fiber.

249 1525 308 1568 24,
337 1529 392 1566 11,
419 1529 439 1559 5
461 1535 532 1568 pro
553 1524 746 1559 Calabriae
765 1524 933 1558 litoribus
951 1526 993 1558 in

248 1573 412 1607 statione.
442 1571 502 1614 25,
533 1576 591 1613 11,
618 1576 640 1605 4
664 1572 773 1605 statio
805 1582 896 1615 quae
923 1581 992 1614 pro

249 1630 352 1663 opere
376 1622 462 1653 erat.

296 1677 446 1722 stantes]
467 1675 724 1720 unbeweglich
745 1676 911 1719 stehend,
926 1675 993 1710 Be-

249 1724 456 1768 zeichnung
479 1723 542 1757 des
563 1723 679 1757 Stand
698 1723 900 1757 haltenden
920 1723 994 1757 und

251 1770 330 1805 sich
369 1770 436 1805 auf
466 1770 628 1805 Abwehr
665 1769 994 1804 beschrankenden

214 1840 217 1842 -
249 1817 446 1862 Kampfers
466 1816 526 1859 22,
553 1821 585 1860 5,
610 1822 627 1850 1
649 1819 744 1851 stare
763 1827 806 1851 ac
824 1827 994 1861 puqnare

250 1865 357 1899 iubet.

298 1927 524 1957 transeamus
560 1922 891 1966 transferamusque
925 1922 991 1956 bel-

252 1969 341 2015 lum]
364 1969 423 2004 die
443 1979 672 2013 synonymen
683 1968 898 2003 Ausdrficke
913 1979 992 2003 ver-

250 2017 400 2051 starken
431 2015 503 2050 den
533 2015 677 2061 Begriff
704 2016 769 2050 der
796 2015 991 2050 Offensive.

250 2063 336 2108 Vgl.
364 2075 391 2098 c.
421 2066 474 2106 12,
503 2067 546 2096 14
573 2063 730 2097 coeundo
757 2063 993 2105 conferundo-

253 2121 318 2155 que
345 2140 351 2145 .
382 2137 388 2144 .
416 2137 423 2143 .
452 2139 458 2144 .
485 2113 616 2144 castra.

299 2178 418 2202 vereor
455 2177 499 2201 ‘ne
536 2167 617 2212 cui]
656 2166 889 2213 Eigentliohe
920 2168 993 2201 An-

253 2214 473 2259 kundigung
499 2213 563 2249 des
583 2214 743 2249 Themas
766 2215 995 2258 (propositio)

252 2261 465 2297 verbunden
513 2262 582 2296 mit
625 2261 726 2295 einer
768 2260 995 2305 Disposition

251 2310 459 2353 (partitio).
509 2308 584 2343 Das
623 2308 765 2342 Thema
802 2307 866 2342 ist:
915 2307 996 2342 eine

252 2355 413 2400 kraftige
463 2354 649 2390 Offensive
701 2355 751 2389 ist
801 2355 906 2389 nieht
954 2367 997 2388 zu

253 2403 393 2437 schwer
443 2405 476 2446 1)
509 2413 580 2446 pro
617 2403 787 2437 memoria
826 2402 994 2436 cladium.

253 2451 289 2492 2)
310 2460 381 2494 pro
408 2453 522 2484 aetate
548 2460 634 2483 mea.

301 2511 427 2543 8-17,
443 2507 868 2552 ErsterHauptteil:
890 2506 997 2541 Esist

253 2555 366 2589 Rome
394 2554 827 2589 Schieksalsbestimmun
865 2581 874 2594 ,
902 2554 996 2588 nach

254 2601 515 2646 anfflnglichen
549 2601 796 2646 Niederlagen
831 2565 997 2646 {iegerin

253 2660 295 2683 zu
328 2649 492 2688 werdem
524 2647 685 2693 Beispiel
715 2648 912 2683 besouders
938 2647 997 2681 die

252 2696 455 2741 punischen
481 2695 627 2740 Kriege.

298 2758 328 2788 8.
339 2755 508 2789 adversae
517 2753 926 2799 puynae]Ausf1'ih1-ung
935 2753 998 2787 des

255 2803 374 2836 ersten
409 2801 662 2845 Hauptteiles‚
703 2801 860 2836 170101101-
891 2811 996 2843 asyn-

254 2848 397 2882 detisch
431 2849 501 2882 mit
527 2847 734 2882 Vorantritt
763 2848 827 2883 des
854 2847 995 2891 Haupt-

254 2894 427 2939 begriffes
453 2895 664 2939 eingeffihrt
689 2894 791 2928 wird.

1287 1184 1444 1226 Trebia
1453 1219 1463 1239 ,
1506 1185 1814 1240 Trasumenus,

1113 1335 1253 1370 nullius
1272 1337 1313 1370 in
1332 1337 1453 1371 animo
1468 1347 1575 1380 quam
1588 1346 1662 1370 meo
1673 1336 1810 1382 minus]

1066 1382 1333 1426 cigentfimlich
1382 1382 1472 1417 freie
1525 1382 1809 1428 Wortstellung,

1066 1429 1125 1463 bei
1151 1429 1311 1464 welcher
1337 1429 1401 1464 der
1421 1429 1664 1474 Komparativ
1686 1429 1813 1464 hinter

1065 1487 1174 1520 quam
1198 1476 1282 1510 tritt
1305 1476 1379 1510 und
1406 1476 1574 1520 zugleich
1595 1476 1655 1510 die
1673 1476 1812 1521 Prapo·

1066 1522 1178 1557 sition
1197 1523 1303 1557 nicht
1320 1523 1539 1557 wiederholt
1552 1522 1652 1557 wird.
1679 1523 1739 1564 25,
1754 1527 1814 1567 25,

1067 1573 1084 1602 7
1112 1570 1155 1604 de
1180 1580 1329 1613 quorum
1359 1571 1529 1614 precibus
1557 1581 1664 1614 quam
1685 1574 1814 1613 postu-

1067 1616 1152 1650 latis
1183 1617 1299 1660 magis
1329 1628 1363 1650 11.
1398 1617 1501 1651 efter,

1113 1674 1268 1720 quippe]
1301 1674 1377 1709 Das
1409 1674 1556 1709 Relativ
1588 1674 1649 1709 bei
1679 1676 1812 1720 quippe

1066 1722 1136 1756 mit
1161 1721 1244 1756 dem
1270 1722 1349 1757 Ind.
1376 1734 1405 1756 z.
1432 1720 1472 1756 B.
1500 1721 1534 1763 8,
1553 1725 1610 1762 26,
1632 1726 1651 1755 5
1679 1723 1813 1766 quippe

1066 1769 1130 1812 qui
1148 1769 1300 1803 inermes
1319 1796 1326 1802 .
1349 1797 1356 1803 .
1377 1769 1521 1803 rediere.
1548 1767 1583 1812 3,
1599 1772 1630 1809 6,
1646 1773 1666 1803 6
1679 1770 1814 1813 quippe

1066 1815 1197 1860 quibus
1213 1843 1218 1849 .
1236 1844 1242 1850 .
1260 1843 1267 1849 .
1282 1843 1289 1849 .
1307 1816 1435 1850 bellum
1453 1816 1702 1850 sustiraendum
1715 1819 1814 1859 erat,-

1067 1862 1162 1896 doeh
1177 1862 1383 1907 fiberwiegt
1399 1862 1437 1896 in
1451 1861 1728 1897 Relativsatzen
1747 1861 1816 1897 der

1066 1908 1309 1953 Konjunktiv.

1115 1969 1219 2003 aliud
1237 1979 1344 2013 super
1361 1967 1481 2012 aliud]
1502 1967 1570 2002 Die
1584 1967 1816 2002 rhetorische

1067 2014 1291 2060 Steigerung
1321 2014 1408 2050 l‘afst
1438 2013 1560 2049 ausser
1585 2015 1700 2057 Acht,
1732 2013 1813 2049 dass

1068 2063 1164 2097 alius
1189 2062 1270 2097 hier
1293 2073 1366 2097 von
1393 2073 1461 2095 nur
1486 2061 1575 2096 zwei
1600 2061 1718 2096 clades
1747 2071 1812 2106 ge-

1067 2109 1225 2144 braucht
1251 2108 1310 2143 ist.
1339 2120 1368 2143 0.
1396 2113 1427 2149 5,
1456 2112 1476 2143 6
1503 2109 1579 2142 alia
1607 2128 1648 2133 -—
1676 2109 1764 2143 alia.

1117 2171 1147 2201 9.
1164 2178 1206 2202 ea
1224 2167 1301 2209 fato
1324 2165 1493 2211 quodam]
1509 2166 1591 2200 eine
1606 2166 1812 2210 Lieblings·

1069 2217 1218 2249 sentenz
1231 2214 1434 2248 romischer
1448 2212 1724 2248 Schriftsteller.
1752 2213 1814 2256 27,

1072 2266 1132 2303 14,
1161 2266 1178 2294 1
1205 2271 1268 2295 seu
1292 2261 1378 2294 vicit
1402 2259 1622 2301 (Romanus)
1649 2260 1816 2300 ferociter

1069 2310 1183 2342 instat
1203 2308 1318 2349 victis,
1338 2318 1398 2342 seu
1418 2307 1532 2341 victus
1549 2311 1609 2349 est,
1629 2307 1815 2342 instaurat

1070 2366 1149 2389 cum
1177 2355 1369 2389 victoribus
1392 2358 1576 2389 certamen.
1609 2354 1646 2395 9,
1660 2358 1693 2396 3,
1710 2357 1752 2388 12
1772 2365 1815 2389 ea

1070 2406 1119 2436 est
1129 2412 1213 2446 qens
1221 2401 1401 2437 Romana.
1421 2411 1512 2445 quae
1531 2402 1625 2435 victa
1638 2402 1815 2445 quiescere

1069 2452 1230 2493 nequeat.

1119 2511 1172 2541 11
1201 2508 1272 2541 iam
1299 2507 1388 2551 quid
1412 2507 1476 2542 hoc
1502 2506 1590 2541 bello
1613 2505 1813 2558 memorem]

1071 2555 1145 2588 Aue
1183 2554 1266 2588 dem
1305 2553 1633 2598 vorhergehenden
1671 2553 1719 2587 ist
1753 2552 1814 2587 ein

1071 2600 1213 2645 Begriff
1229 2600 1297 2635 wie
1324 2602 1495 2635 amissum
1521 2611 1591 2635 esse
1611 2599 1700 2634 oder
1718 2600 1813 2634 acci-

1071 2648 1164 2682 disse
1190 2660 1232 2682 zu
1259 2651 1448 2692 ergiinzen.

1120 2706 1230 2749 adsui
1237 2726 1278 2732 —
1289 2706 1388 2751 asni]
1401 2704 1662 2740 absichtlicher
1670 2704 1815 2739 Gleich-

1072 2753 1196 2797 klang.
1254 2753 1294 2796 8,
1333 2757 1394 2794 36,
1433 2756 1453 2786 2
1493 2762 1555 2786 eeu
1592 2752 1728 2786 adesset
1765 2763 1813 2786 an

1072 2801 1212 2835 abesset.
1242 2819 1283 2824 —
1318 2799 1440 2844 Scipio
1472 2810 1548 2833 war
1579 2809 1670 2843 zuge
1700 2809 1743 2833 011
1777 2798 1815 2833 111

1072 2846 1299 2881 Oberitalien
1332 2856 1390 2880 am
1425 2845 1576 2880 Ticinus
1603 2847 1666 2889 (un
1724 2845 1814 2880 viel·

1071 2892 1185 2928 leicht
1213 2893 1306 2927 auch
1333 2903 1377 2927 an
1405 2891 1469 2927 der
1495 2892 1644 2935 Trebia)
1678 2892 1815 2927 ebenso
