2000 3338
88 206 118 225 a.
141 198 205 224 Chr.
226 205 255 223 n.
275 197 335 223 210.
605 184 749 220 LIBER
771 184 902 219 XXVI.
952 183 1051 220 CAP.
1077 187 1133 219 45.
1582 182 1637 223 97

91 297 261 338 bantur.
310 293 483 348 quidam
515 294 728 336 stantibus
760 293 884 335 scalis
917 305 1011 334 cum
1043 291 1225 333 altitudo
1252 291 1478 346 caliginem
1504 291 1636 332 oeulis

89 353 330 406 offudisset,
375 352 428 393 ad
470 354 628 394 terram
669 352 801 394 delati
842 353 952 393 sunt.
1019 352 1061 391 et
1103 364 1198 391 cum
1240 350 1399 404 passim
1440 349 1636 392 homines

88 412 315 466 scalaeque
358 414 544 465 ruerent,
588 413 630 452 et
670 411 765 465 ipso
809 424 1005 451 successu
1049 407 1224 450 audacia
1267 410 1394 463 atque
1438 408 1636 450 alacritas

91 470 281 512 hostium
314 471 533 522 cresceret,
566 469 736 525 signum
765 468 953 522 receptui
984 467 1130 508 datum
1156 469 1237 521 est3
1270 466 1382 520 quod
1407 481 1526 520 spem
1551 481 1638 508 non

91 528 331 583 praesentis
362 528 488 569 modo
518 528 571 569 ab
602 530 724 570 tanto
752 527 978 569 certamine
1004 539 1052 565 ac
1083 524 1231 566 labore
1257 525 1411 578 quietis
1438 525 1637 578 obsessis,

87 587 166 628 sed
195 587 324 628 etiam
355 587 400 627 in
430 588 649 640 posterum
681 586 813 638 dedit,
844 584 970 625 scalis
997 585 1039 623 et
1063 596 1220 623 corona
1247 582 1339 636 capi
1370 583 1519 624 urbem
1549 597 1636 625 non

89 660 237 700 posse,
275 659 404 700 opera
440 648 482 685 et
518 644 709 685 difficilia
745 657 837 684 esse
869 644 912 683 et
947 643 1114 695 tempus
1153 640 1303 681 datura
1335 640 1387 681 ad
1421 641 1637 683 ferendam

92 718 217 759 opem
247 703 577 758 imperatoribus
610 701 709 742 suis.

205 761 290 803 Vix
326 762 443 816 prior
484 760 693 801 tumultus
731 759 1009 812 conticuerat,
1054 772 1150 799 cum
1189 755 1331 811 Scipio
1370 758 1422 799 ab
1461 757 1636 799 defessis

91 821 177 862 iam
212 819 528 873 vulneratisque
564 820 755 860 recentes
798 818 1073 871 integrosque
1112 815 1219 858 alios
1263 817 1455 870 accipere
1498 817 1636 858 scalas

88 879 209 920 iubet
244 882 282 920 et
314 877 356 918 vi
393 877 553 918 maiore
585 877 758 932 adgredi
789 876 948 917 urbem.
1003 875 1112 930 ipse,
1148 877 1195 916 ut
1227 875 1264 915 ei
1299 875 1542 917 nuntiatum
1574 877 1638 917 est

88 939 256 979 aestum
287 935 504 989 decedere,
541 936 654 990 quod
690 950 766 990 per
802 935 1036 989 piscatores
1068 933 1408 975 Tarraconenses
1439 948 1548 976 nunc
1582 935 1638 975 le-

89 995 215 1036 vibus
236 994 410 1045 cumbis,
434 1009 557 1047 nunc,
582 994 656 1035 ubi
675 1009 749 1035 eae
776 993 975 1047 siderent,
1001 992 1120 1033 vadis
1145 995 1403 1046 pervagatos
1425 995 1637 1048 stagnum,

85 1055 357 1108 compertum
383 1053 582 1107 habebat,
606 1052 776 1095 facilem
801 1052 980 1106 pedibus
1008 1051 1060 1092 ad
1084 1065 1251 1092 murum
1276 1051 1507 1092 transitum
1534 1051 1638 1105 dari,

86 1126 140 1154 eo
172 1127 315 1154 secum
347 1114 534 1153 armatos
571 1112 807 1165 quingentos
844 1111 974 1152 duxit,
1028 1109 1215 1150 medium
1252 1108 1384 1150 ferme
1419 1109 1502 1151 diei
1534 1112 1638 1164 erat,

89 1173 133 1212 et
165 1171 218 1212 ad
247 1170 309 1225 id,
348 1170 460 1224 quod
498 1185 574 1212 sua
612 1173 762 1225 sponte
797 1170 966 1211 cedente
1004 1169 1050 1210 in
1085 1182 1202 1209 mare
1235 1171 1356 1210 aestu
1386 1168 1639 1210 trahebatur

136 1321 325 1365 caliqinem
355 1321 467 1355 oculis
498 1321 710 1364 offunderet]
752 1319 828 1354 ‘ein

90 1366 299 1402 Schwindel
320 1367 447 1412 ergriff
469 1367 549 1402 sie'.
586 1367 668 1412 Vgl.
691 1366 750 1410 22,
770 1370 826 1409 43,

91 1418 132 1449 11
165 1415 206 1448 in
235 1418 457 1449 occaecatum
491 1415 638 1458 pulvere
677 1414 827 1457 offuso

85 1461 236 1504 hosteim·
275 1461 370 1496 auch
407 1461 474 1495 auf
506 1461 682 1506 geistiges
721 1461 828 1496 fiber-

86 1509 235 1553 tragen:
273 1508 339 1551 39,
371 1511 431 1550 15,
457 1512 479 1542 4
503 1509 656 1542 nimium
681 1508 828 1542 terroris

87 1555 331 1598 offundam.
388 1555 454 1597 28,
499 1558 561 1598 29,
606 1559 626 1589 9
669 1556 828 1590 omnium

87 1612 207 1636 rerum
237 1605 352 1636 terror
383 1602 496 1636 oculis
530 1602 747 1646 auribusque
781 1606 830 1637 est

88 1649 237 1692 offusus.

135 1711 167 1741 5.
193 1708 287 1752 quod
311 1718 407 1751 spem
431 1718 505 1742 non
524 1707 729 1751 praesentis
748 1707 826 1752 etc.]

87 1753 171 1788 Von
195 1764 290 1798 spem
318 1755 435 1799 hangt
464 1754 602 1788 sowohl
631 1755 830 1797 praesentis

82 1801 232 1845 quietis,
253 1801 308 1835 als
328 1801 475 1835 obsessis
494 1801 558 1843 ab3
581 1800 676 1835 doch
696 1799 828 1834 mfisste

87 1847 240 1882 korrekt
290 1847 374 1882 dem
429 1847 577 1882 Genitiv
626 1849 829 1891 praesentis

85 1895 215 1938 quietis
255 1894 307 1929 im
348 1894 547 1939 folgenden
585 1894 644 1929 ein
682 1894 829 1929 Genitiv

85 1942 207 1984 futuri
234 1942 300 1976 otii
325 1942 413 1976 oder
433 1941 547 1986 dergl.
574 1942 827 1985 entsprechen.

87 1988 188 2023 Statt
212 1988 342 2023 dessen
366 1988 534 2033 begm'igt
559 1988 637 2022 sich
654 1988 732 2023 Liv.
760 1988 829 2023 mit

87 2034 153 2069 der
197 2035 442 2080 allgemeinen
491 2036 714 2079 Andeutung
763 2035 828 2069 der

86 2081 250 2116 Zukunft
274 2083 315 2117 in
338 2085 528 2126 posterum.

131 2129 279 2174 corona]
308 2129 378 2173 eig.
404 2129 685 2173 Umzingelung.
712 2127 772 2170 24,
792 2132 825 2171 2,

87 2179 131 2210 10
156 2185 288 2219 corona
313 2177 427 2220 cinqo.
473 2175 533 2218 23,
561 2179 614 2217 18,
641 2180 661 2210 5
694 2186 827 2210 corona

85 2223 245 2267 undique
262 2223 493 2258 circumdatis
511 2223 705 2264 moenibus,
725 2234 754 2257 c.
769 2227 826 2266 44,

84 2272 126 2310 3,
163 2269 242 2303 hier
273 2269 486 2304 verbunden
522 2269 591 2304 mit
626 2270 734 2304 scalis
766 2282 827 2304 zur

87 2315 347 2362 Bezeichnung
372 2316 471 2351 eines
494 2316 559 2351 der
577 2316 827 2361 cigentlichen

88 2362 225 2397 obsidio
267 2365 635 2408 entgegengesetzten
672 2363 826 2398 Verfah-

86 2420 181 2452 rens,
201 2409 248 2444 da
266 2420 338 2444 von
358 2411 458 2445 einer
478 2410 746 2455 Umzingelung
762 2411 827 2446 der

87 2454 200 2537 lSttadt
224 2455 327 2490 nicht
351 2457 520 2492 wirklich
545 2457 604 2492 die
623 2456 725 2492 Rede
749 2458 825 2492 sein

116 2513 199 2537 ann.

136 2565 167 2596 6.
206 2561 290 2607 vice]
329 2561 395 2595 das
432 2561 565 2596 hochst
601 2563 826 2598 auffallende

87 2608 303 2653 Asyndeton
363 2608 634 2643 adversativum
693 2610 827 2645 drfickt

84 2655 153 2690 das
194 2655 449 2690 Unerwartete
499 2655 561 2690 des
610 2655 825 2702 Vei-ganges

88 2702 214 2737 scharf
235 2713 311 2736 aus.

134 2752 220 2784 tum.
247 2749 481 2794 conticuerat]
506 2749 565 2793 25,
593 2753 648 2792 10,
676 2753 695 2784 6
715 2751 826 2784 conti-

89 2795 238 2830 ciscebat
264 2797 460 2840 paullatim
486 2797 670 2832 tumultus.
703 2796 743 2839 2,
770 2800 825 2838 55,

89 2845 134 2876 10
171 2844 416 2878 conticiscente
451 2844 618 2880 tumultu.
659 2843 693 2885 4,
736 2848 766 2886 1,
806 2849 825 2879 5

86 2890 356 2924 conticiscerent
369 2919 375 2924 .
388 2917 411 2926 ..
428 2891 584 2925 actiones
597 2891 824 2926 tribuniciae.

87 2935 125 2979 2,
151 2939 206 2977 29,
234 2941 275 2970 11
301 2937 407 2979 furor
431 2938 640 2974 conticiscet.

159 2999 218 3027 Tit.
237 3000 303 3028 Liv.
339 3000 374 3028 B.
394 3002 437 3027 26.

946 1321 1105 1364 accipere
1130 1319 1193 1365 ab]
1219 1319 1373 1353 deutsch
1399 1319 1639 1364 umgekehrt:

900 1378 938 1401 er
980 1366 1137 1401 befiehlt
1179 1367 1251 1400 den
1293 1366 1535 1410 Ermfideten,
1580 1366 1639 1401 die

899 1413 1048 1448 Leitern
1079 1424 1126 1448 an
1163 1413 1297 1448 frische
1330 1414 1502 1458 Truppen
1534 1413 1638 1448 abzu-

900 1461 1035 1505 geben3
1055 1460 1160 1495 oder:
1181 1471 1220 1494 er
1233 1460 1384 1494 befiehlt
1398 1460 1467 1495 den
1480 1460 1641 1495 frischen

901 1508 1094 1552 Truppen,
1144 1507 1203 1542 die
1251 1507 1399 1542 Leitern
1452 1508 1523 1542 den
1574 1507 1640 1542 Er-

900 1554 1077 1589 mfideten
1101 1554 1415 1590 abzunehmen.
1460 1554 1525 1597 27,
1552 1559 1591 1597 2,
1620 1558 1639 1589 7

902 1603 1002 1646 apud
1023 1602 1136 1636 hostes
1160 1602 1292 1646 inteyri
1311 1613 1333 1636 a
1352 1602 1454 1644 fessis
1475 1612 1641 1646 pugnam

902 1659 1073 1692 accepere.

950 1711 980 1742 7.
998 1710 1131 1742 aestum
1146 1707 1320 1752 decedere]
1339 1706 1433 1741 ‘dass
1444 1706 1547 1741 Ebbe
1563 1707 1640 1741 ein-

901 1754 1023 1789 trete’.
1072 1754 1156 1798 Vgl.
1183 1758 1202 1796 §
1227 1757 1248 1788 8
1280 1754 1453 1788 cedente
1476 1755 1517 1788 in
1541 1765 1640 1789 mare

901 1805 1010 1835 aestu.
1057 1812 1086 1835 0,
1114 1805 1169 1843 42,
1196 1804 1216 1835 8
1243 1802 1401 1843 deficit
1425 1811 1532 1837 mare.

947 1848 1118 1894 siderent]
1140 1848 1362 1882 dichterisch
1382 1848 1455 1882 und
1475 1848 1534 1881 bei
1550 1847 1641 1892 Sp'a-

900 1897 1003 1930 teren
1022 1906 1108 1930 vom
1121 1894 1320 1929 Auflaufen
1337 1895 1400 1929 der
1415 1894 1560 1937 Schiffe‚
1580 1895 1641 1929 bei

901 1941 979 1976 Liv.
1005 1954 1074 1976 nur
1098 1941 1186 1977 hier.
1225 1942 1367 1976 Anders
1393 1941 1452 1984 22,
1478 1946 1510 1984 4,
1538 1946 1557 1976 6
1580 1953 1640 1976 ne-

901 1989 987 2023 bula
1012 1999 1136 2033 campo
1161 2000 1268 2033 qua-m
1293 1989 1473 2023 montibus
1495 1990 1639 2023 densior

899 2037 1037 2070 sederat
1061 2053 1105 2065 =
1131 2036 1343 2071 considerat.

946 2098 977 2129 8.
1005 2094 1158 2128 medium
1177 2095 1285 2136 ferme
1297 2095 1370 2129 diei
1384 2097 1473 2137 erat,
1494 2095 1540 2140 et]
1557 2094 1638 2130 eine

898 2140 958 2175 bei
983 2141 1062 2176 Liv.
1088 2141 1235 2186 h'aufige
1255 2141 1365 2176 Form
1389 2142 1454 2175 der
1472 2141 1638 2185 Periode,

898 2199 961 2222 um
987 2200 1030 2222 zu
1061 2187 1299 2231 bezeichnen,
1335 2187 1431 2232 dass,
1463 2189 1639 2223 wahrend

899 2235 957 2270 die
1001 2237 1097 2270 erste
1133 2235 1332 2280 Handlung
1374 2235 1534 2278 eintritt,
1578 2235 1638 2270 die

899 2281 1027 2317 zweite
1054 2282 1201 2324 dauert;
1226 2282 1454 2317 namentlich
1476 2282 1546 2317 mit
1564 2284 1639 2317 iam

899 2349 943 2353 -
963 2332 1004 2372 et,
1030 2330 1104 2364 iam
1124 2350 1166 2354 —
1188 2340 1262 2373 que.
1289 2329 1349 2372 27,
1373 2333 1428 2371 48,
1450 2333 1492 2364 17
1513 2333 1546 2364 et
1564 2330 1639 2364 iam

898 2376 971 2410 diei
1003 2377 1157 2411 medium
1182 2379 1276 2419 erat,
1307 2377 1454 2420 sitisque
1483 2380 1514 2411 et
1539 2378 1639 2412 calor

896 2443 942 2448 —
963 2424 1156 2467 capiendos
1179 2423 1371 2467 praebebat
1394 2424 1549 2467 (hostes).

945 2471 994 2505 ad
1013 2471 1053 2505 id
1071 2470 1182 2515 quod]
1204 2487 1247 2499 =
1263 2474 1515 2515 praeterquam
1531 2471 1635 2515 quod.

898 2515 932 2560 3,
967 2520 1021 2561 62,
1056 2521 1074 2550 1
1101 2518 1150 2552 ad
1186 2517 1243 2559 id,
1281 2518 1375 2561 quod
1410 2528 1478 2552 sua
1513 2521 1639 2562 sponte

898 2565 1091 2599 conlectum
1122 2565 1325 2599 animorum
1350 2568 1444 2607 erat,
1476 2565 1637 2610 indiyni-

898 2613 970 2645 tate
1006 2612 1112 2645 etiam
1148 2611 1308 2646 Romani
1342 2612 1636 2647 accendebantur.

944 2657 1174 2703 trahebatur]
1206 2658 1276 2692 wie
1310 2658 1473 2693 nachher
1502 2659 1638 2700 ferebat

897 2713 968 2736 von
983 2704 1046 2737 der
1060 2703 1259 2748 Stromung
1273 2707 1425 2748 (aestus)
1443 2704 1507 2739 der
1523 2704 1637 2748 Ebbe,

899 2749 956 2784 die
983 2749 1049 2784 das
1075 2749 1224 2784 Wasser
1247 2753 1372 2795 (aqua,
1397 2754 1580 2795 staynum)
1598 2751 1637 2786 in

899 2795 963 2830 der
988 2795 1174 2841 Richtung
1199 2798 1294 2831 nach
1319 2797 1404 2831 dem
1417 2797 1546 2833 ·Meere
1571 2798 1637 2832 hin

896 2845 1024 2886 (mare)
1048 2843 1117 2878 mit
1141 2843 1220 2878 sich
1246 2844 1353 2878 zieht.
1391 2844 1552 2880 Beachte
1577 2845 1636 2880 die

897 2889 1191 2935 Abwechselung
1205 2891 1269 2925 der
1277 2891 1505 2926 Ausdrficke:
1526 2903 1635 2934 mare,

897 2940 1034 2979 aestus,
1060 2948 1175 2982 aqua,
1201 2941 1377 2983 stagnum.

1337 3012 1347 3032 C
