<?xml version="1.0" encoding="UTF-8"?>
<!DOCTYPE html PUBLIC "-//W3C//DTD XHTML 1.0 Transitional//EN"
    "http://www.w3.org/TR/xhtml1/DTD/xhtml1-transitional.dtd">
<html xmlns="http://www.w3.org/1999/xhtml" xml:lang="en" lang="en">
 <head>
  <title>
</title>
<meta http-equiv="Content-Type" content="text/html;charset=utf-8" />
  <meta name='ocr-system' content='tesseract 3.04.00' />
  <meta name='ocr-capabilities' content='ocr_page ocr_carea ocr_par ocr_line ocrx_word'/>
</head>
<body>
  <div class='ocr_page' id='page_1' title='image "./aburbecondital0104livyuoft_0031.png"; bbox 0 0 2000 3338; ppageno 0'>
   <div class='ocr_carea' id='block_1_1' title="bbox 202 194 446 220">
    <p class='ocr_par' dir='ltr' id='par_1_1' title="bbox 202 194 446 220">
     <span class='ocr_line' id='line_1_1' title="bbox 202 194 446 220; baseline 0.004 -1"><span class='ocrx_word' id='word_1_1' title='bbox 202 202 228 220; x_wconf 83' lang='lat' dir='ltr'>a.</span> <span class='ocrx_word' id='word_1_2' title='bbox 251 194 316 220; x_wconf 88' lang='lat' dir='ltr'><strong>Chr.</strong></span> <span class='ocrx_word' id='word_1_3' title='bbox 338 202 366 220; x_wconf 86' lang='lat' dir='ltr'>n.</span> <span class='ocrx_word' id='word_1_4' title='bbox 385 194 446 220; x_wconf 81' lang='lat'>211.</span> 
     </span>
    </p>
   </div>
   <div class='ocr_carea' id='block_1_2' title="bbox 684 184 1749 229">
    <p class='ocr_par' dir='ltr' id='par_1_2' title="bbox 684 184 1749 229">
     <span class='ocr_line' id='line_1_2' title="bbox 684 184 1749 229; baseline 0.001 -9"><span class='ocrx_word' id='word_1_5' title='bbox 684 186 828 221; x_wconf 84' lang='lat' dir='ltr'>LIBER</span> <span class='ocrx_word' id='word_1_6' title='bbox 851 184 982 220; x_wconf 85' lang='lat' dir='ltr'>XXVI.</span> <span class='ocrx_word' id='word_1_7' title='bbox 1033 184 1134 221; x_wconf 86' lang='lat' dir='ltr'><strong>CAP.</strong></span> <span class='ocrx_word' id='word_1_8' title='bbox 1162 189 1214 220; x_wconf 91' lang='lat'>10.</span> <span class='ocrx_word' id='word_1_9' title='bbox 1239 190 1290 221; x_wconf 88' lang='lat'>11.</span> <span class='ocrx_word' id='word_1_10' title='bbox 1697 187 1749 229; x_wconf 78' lang='lat'>21</span> 
     </span>
    </p>
   </div>
   <div class='ocr_carea' id='block_1_3' title="bbox 203 292 1799 697">
    <p class='ocr_par' dir='ltr' id='par_1_3' title="bbox 203 292 1799 697">
     <span class='ocr_line' id='line_1_3' title="bbox 207 292 1752 349; baseline 0.002 -16"><span class='ocrx_word' id='word_1_11' title='bbox 207 306 351 334; x_wconf 88' lang='lat' dir='ltr'>omnes</span> <span class='ocrx_word' id='word_1_12' title='bbox 390 292 534 346; x_wconf 88' lang='lat' dir='ltr'>copias</span> <span class='ocrx_word' id='word_1_13' title='bbox 574 292 734 348; x_wconf 81' lang='lat' dir='ltr'>eduxit3</span> <span class='ocrx_word' id='word_1_14' title='bbox 778 307 855 335; x_wconf 90' lang='lat' dir='ltr'>nec</span> <span class='ocrx_word' id='word_1_15' title='bbox 892 292 1071 335; x_wconf 86' lang='lat' dir='ltr'>Flaccus</span> <span class='ocrx_word' id='word_1_16' title='bbox 1114 293 1393 349; x_wconf 82' lang='lat' dir='ltr'>consulesque</span> <span class='ocrx_word' id='word_1_17' title='bbox 1431 296 1646 335; x_wconf 88' lang='lat' dir='ltr'>certamen</span> <span class='ocrx_word' id='word_1_18' title='bbox 1685 295 1752 336; x_wconf 90' lang='lat' dir='ltr'>de-</span> 
     </span>
     <span class='ocr_line' id='line_1_4' title="bbox 204 351 1798 408; baseline 0.002 -16"><span class='ocrx_word' id='word_1_19' title='bbox 204 352 454 392; x_wconf 80' lang='lat' dir='ltr'>tractavere.</span> <span class='ocrx_word' id='word_1_20' title='bbox 480 351 701 396; x_wconf 87' lang='lat' dir='ltr'>instructis</span> <span class='ocrx_word' id='word_1_21' title='bbox 727 352 940 407; x_wconf 73' lang='lat' dir='ltr'><strong>utrimque</strong></span> <span class='ocrx_word' id='word_1_22' title='bbox 960 352 1244 393; x_wconf 86' lang='lat' dir='ltr'>exercitibus&#39;</span> <span class='ocrx_word' id='word_1_23' title='bbox 1233 367 1278 393; x_wconf 89' lang='lat'>111</span> <span class='ocrx_word' id='word_1_24' title='bbox 1299 353 1388 394; x_wconf 88' lang='lat' dir='ltr'>eius</span> <span class='ocrx_word' id='word_1_25' title='bbox 1408 366 1575 408; x_wconf 84' lang='lat' dir='ltr'>pugnae</span> <span class='ocrx_word' id='word_1_26' title='bbox 1595 367 1752 407; x_wconf 74' lang='lat' dir='ltr'>casum,</span> <span class='ocrx_word' id='word_1_27' title='bbox 1780 366 1798 395; x_wconf 73' lang='grc'>2</span> 
     </span>
     <span class='ocr_line' id='line_1_5' title="bbox 203 409 1754 467; baseline 0.002 -17"><span class='ocrx_word' id='word_1_28' title='bbox 203 410 248 451; x_wconf 85' lang='grc' dir='ltr'>ιιι</span> <span class='ocrx_word' id='word_1_29' title='bbox 279 423 363 464; x_wconf 88' lang='lat' dir='ltr'>qua</span> <span class='ocrx_word' id='word_1_30' title='bbox 387 409 488 451; x_wconf 87' lang='lat' dir='ltr'>urbs</span> <span class='ocrx_word' id='word_1_31' title='bbox 520 409 659 451; x_wconf 87' lang='lat' dir='ltr'>Roma</span> <span class='ocrx_word' id='word_1_32' title='bbox 689 411 842 453; x_wconf 87' lang='lat' dir='ltr'>victori</span> <span class='ocrx_word' id='word_1_33' title='bbox 873 410 1109 464; x_wconf 86' lang='lat' dir='ltr'>praemium</span> <span class='ocrx_word' id='word_1_34' title='bbox 1142 413 1264 465; x_wconf 88' lang='lat' dir='ltr'>esset,</span> <span class='ocrx_word' id='word_1_35' title='bbox 1290 411 1462 452; x_wconf 88' lang='lat' dir='ltr'>imber</span> <span class='ocrx_word' id='word_1_36' title='bbox 1451 425 1603 467; x_wconf 82' lang='lat' dir='ltr'>lngens</span> <span class='ocrx_word' id='word_1_37' title='bbox 1630 425 1754 467; x_wconf 86' lang='lat' dir='ltr'>gran-</span> 
     </span>
     <span class='ocr_line' id='line_1_6' title="bbox 205 468 1749 524; baseline 0.001 -14"><span class='ocrx_word' id='word_1_38' title='bbox 205 468 302 510; x_wconf 86' lang='lat' dir='ltr'>dine</span> <span class='ocrx_word' id='word_1_39' title='bbox 334 468 492 510; x_wconf 76' lang='lat' dir='ltr'>mixtus</span> <span class='ocrx_word' id='word_1_40' title='bbox 518 469 580 510; x_wconf 92' lang='lat' dir='ltr'>ita</span> <span class='ocrx_word' id='word_1_41' title='bbox 605 471 828 524; x_wconf 88' lang='lat' dir='ltr'>utramque</span> <span class='ocrx_word' id='word_1_42' title='bbox 856 469 986 510; x_wconf 82' lang='lat' dir='ltr'>aciem</span> <span class='ocrx_word' id='word_1_43' title='bbox 1010 469 1213 522; x_wconf 85' lang='lat' dir='ltr'>turbavit,</span> <span class='ocrx_word' id='word_1_44' title='bbox 1243 472 1291 510; x_wconf 91' lang='lat' dir='ltr'>ut</span> <span class='ocrx_word' id='word_1_45' title='bbox 1316 470 1387 510; x_wconf 84' lang='lat' dir='ltr'>vix</span> <span class='ocrx_word' id='word_1_46' title='bbox 1413 471 1542 512; x_wconf 88' lang='lat' dir='ltr'>armis</span> <span class='ocrx_word' id='word_1_47' title='bbox 1568 471 1749 512; x_wconf 82' lang='lat' dir='ltr'>retentis</span> 
     </span>
     <span class='ocr_line' id='line_1_7' title="bbox 204 527 1751 582; baseline 0.001 -14"><span class='ocrx_word' id='word_1_48' title='bbox 204 527 251 568; x_wconf 90' lang='lat' dir='ltr'>in</span> <span class='ocrx_word' id='word_1_49' title='bbox 276 529 419 568; x_wconf 85' lang='lat' dir='ltr'>castra</span> <span class='ocrx_word' id='word_1_50' title='bbox 445 541 535 569; x_wconf 87' lang='lat' dir='ltr'>sese</span> <span class='ocrx_word' id='word_1_51' title='bbox 562 528 800 582; x_wconf 72' lang='lat' dir='ltr'>receperint</span> <span class='ocrx_word' id='word_1_52' title='bbox 824 527 984 568; x_wconf 87' lang='lat' dir='ltr'>nullius</span> <span class='ocrx_word' id='word_1_53' title='bbox 1002 527 1065 567; x_wconf 88' lang='lat' dir='ltr'>rei</span> <span class='ocrx_word' id='word_1_54' title='bbox 1084 527 1248 568; x_wconf 90' lang='lat' dir='ltr'>minore</span> <span class='ocrx_word' id='word_1_55' title='bbox 1269 541 1397 581; x_wconf 86' lang='lat' dir='ltr'>quam</span> <span class='ocrx_word' id='word_1_56' title='bbox 1416 527 1604 570; x_wconf 88' lang='lat' dir='ltr'>hostium</span> <span class='ocrx_word' id='word_1_57' title='bbox 1624 531 1751 570; x_wconf 90' lang='lat' dir='ltr'>metu.</span> 
     </span>
     <span class='ocr_line' id='line_1_8' title="bbox 206 585 1799 641; baseline 0.001 -13"><span class='ocrx_word' id='word_1_58' title='bbox 206 587 249 627; x_wconf 82' lang='lat' dir='ltr'>et</span> <span class='ocrx_word' id='word_1_59' title='bbox 291 588 464 640; x_wconf 85' lang='lat' dir='ltr'>postero</span> <span class='ocrx_word' id='word_1_60' title='bbox 508 586 573 627; x_wconf 91' lang='lat' dir='ltr'>die</span> <span class='ocrx_word' id='word_1_61' title='bbox 606 587 751 627; x_wconf 90' lang='lat' dir='ltr'>eodem</span> <span class='ocrx_word' id='word_1_62' title='bbox 789 587 882 627; x_wconf 91' lang='lat' dir='ltr'>loco</span> <span class='ocrx_word' id='word_1_63' title='bbox 915 585 1028 626; x_wconf 87' lang='lat' dir='ltr'>acies</span> <span class='ocrx_word' id='word_1_64' title='bbox 1067 585 1299 626; x_wconf 84' lang='lat' dir='ltr'>instructas</span> <span class='ocrx_word' id='word_1_65' title='bbox 1338 586 1484 627; x_wconf 83' lang='lat' dir='ltr'>eadem</span> <span class='ocrx_word' id='word_1_66' title='bbox 1521 589 1752 641; x_wconf 74' lang='lat' dir='ltr'>tempestas</span> <span class='ocrx_word' id='word_1_67' title='bbox 1780 600 1799 630; x_wconf 83' lang='lat'>3</span> 
     </span>
     <span class='ocr_line' id='line_1_9' title="bbox 206 643 1753 697; baseline 0.001 -12"><span class='ocrx_word' id='word_1_68' title='bbox 206 644 387 686; x_wconf 87' lang='lat' dir='ltr'>diremit.</span> <span class='ocrx_word' id='word_1_69' title='bbox 430 645 503 686; x_wconf 90' lang='lat' dir='ltr'>ubi</span> <span class='ocrx_word' id='word_1_70' title='bbox 528 644 789 697; x_wconf 84' lang='lat' dir='ltr'>recepissent</span> <span class='ocrx_word' id='word_1_71' title='bbox 816 657 860 684; x_wconf 90' lang='lat' dir='ltr'>se</span> <span class='ocrx_word' id='word_1_72' title='bbox 891 643 937 683; x_wconf 90' lang='lat' dir='ltr'>in</span> <span class='ocrx_word' id='word_1_73' title='bbox 968 644 1120 697; x_wconf 84' lang='lat' dir='ltr'>castra,</span> <span class='ocrx_word' id='word_1_74' title='bbox 1152 643 1260 684; x_wconf 90' lang='lat' dir='ltr'>mira</span> <span class='ocrx_word' id='word_1_75' title='bbox 1286 644 1491 685; x_wconf 83' lang='lat' dir='ltr'>serenitas</span> <span class='ocrx_word' id='word_1_76' title='bbox 1519 659 1613 686; x_wconf 91' lang='lat' dir='ltr'>cum</span> <span class='ocrx_word' id='word_1_77' title='bbox 1639 650 1753 687; x_wconf 87' lang='lat' dir='ltr'>tran-</span> 
     </span>
    </p>
   </div>
   <div class='ocr_carea' id='block_1_4' title="bbox 208 703 679 758">
    <p class='ocr_par' dir='ltr' id='par_1_4' title="bbox 208 703 679 758">
     <span class='ocr_line' id='line_1_10' title="bbox 208 703 679 758; baseline -0.004 -14"><span class='ocrx_word' id='word_1_78' title='bbox 208 703 421 758; x_wconf 87' lang='lat' dir='ltr'>quillitate</span> <span class='ocrx_word' id='word_1_79' title='bbox 454 703 679 744; x_wconf 89' lang='lat' dir='ltr'>oriebatur.</span> 
     </span>
    </p>
   </div>
   <div class='ocr_carea' id='block_1_5' title="bbox 740 701 1801 756">
    <p class='ocr_par' dir='ltr' id='par_1_5' title="bbox 740 701 1801 756">
     <span class='ocr_line' id='line_1_11' title="bbox 740 701 1801 756; baseline 0.002 -13"><span class='ocrx_word' id='word_1_80' title='bbox 740 702 785 743; x_wconf 93' lang='lat' dir='ltr'>in</span> <span class='ocrx_word' id='word_1_81' title='bbox 815 701 1072 756; x_wconf 87' lang='lat' dir='ltr'>religionem</span> <span class='ocrx_word' id='word_1_82' title='bbox 1113 715 1162 742; x_wconf 88' lang='lat' dir='ltr'>ea</span> <span class='ocrx_word' id='word_1_83' title='bbox 1193 715 1260 743; x_wconf 93' lang='lat' dir='ltr'>res</span> <span class='ocrx_word' id='word_1_84' title='bbox 1294 702 1407 756; x_wconf 87' lang='lat' dir='ltr'>apud</span> <span class='ocrx_word' id='word_1_85' title='bbox 1438 702 1606 744; x_wconf 90' lang='lat' dir='ltr'>Poenos</span> <span class='ocrx_word' id='word_1_86' title='bbox 1632 719 1753 745; x_wconf 75' lang='lat' dir='ltr'>versa</span> <span class='ocrx_word' id='word_1_87' title='bbox 1781 717 1801 746; x_wconf 65' lang='grc'>1</span> 
     </span>
    </p>
   </div>
   <div class='ocr_carea' id='block_1_6' title="bbox 203 759 1801 1051">
    <p class='ocr_par' dir='ltr' id='par_1_6' title="bbox 203 759 1801 1051">
     <span class='ocr_line' id='line_1_12' title="bbox 206 759 1753 816; baseline 0 -13"><span class='ocrx_word' id='word_1_88' title='bbox 206 764 282 816; x_wconf 88' lang='lat' dir='ltr'>est,</span> <span class='ocrx_word' id='word_1_89' title='bbox 309 761 532 815; x_wconf 89' lang='lat' dir='ltr'>auditaque</span> <span class='ocrx_word' id='word_1_90' title='bbox 551 774 634 801; x_wconf 86' lang='lat' dir='ltr'>vox</span> <span class='ocrx_word' id='word_1_91' title='bbox 652 759 910 801; x_wconf 87' lang='lat' dir='ltr'>Hannibalis</span> <span class='ocrx_word' id='word_1_92' title='bbox 930 759 1077 814; x_wconf 84' lang='lat' dir='ltr'>fertur,</span> <span class='ocrx_word' id='word_1_93' title='bbox 1101 760 1333 814; x_wconf 86' lang='lat' dir='ltr'>potiundae</span> <span class='ocrx_word' id='word_1_94' title='bbox 1354 761 1435 802; x_wconf 89' lang='lat' dir='ltr'>sibi</span> <span class='ocrx_word' id='word_1_95' title='bbox 1454 761 1572 803; x_wconf 91' lang='lat' dir='ltr'>urbis</span> <span class='ocrx_word' id='word_1_96' title='bbox 1593 762 1753 804; x_wconf 84' lang='lat' dir='ltr'>Romae</span> 
     </span>
     <span class='ocr_line' id='line_1_13' title="bbox 206 818 1801 875; baseline -0.001 -13"><span class='ocrx_word' id='word_1_97' title='bbox 206 821 331 862; x_wconf 91' lang='lat' dir='ltr'>modo</span> <span class='ocrx_word' id='word_1_98' title='bbox 357 822 544 861; x_wconf 90' lang='lat' dir='ltr'>mentem</span> <span class='ocrx_word' id='word_1_99' title='bbox 568 833 656 860; x_wconf 90' lang='lat' dir='ltr'>non</span> <span class='ocrx_word' id='word_1_100' title='bbox 687 819 791 872; x_wconf 90' lang='lat' dir='ltr'>dari,</span> <span class='ocrx_word' id='word_1_101' title='bbox 822 818 947 860; x_wconf 91' lang='lat' dir='ltr'>modo</span> <span class='ocrx_word' id='word_1_102' title='bbox 973 818 1201 861; x_wconf 86' lang='lat' dir='ltr'>fortunam.</span> <span class='ocrx_word' id='word_1_103' title='bbox 1262 819 1452 861; x_wconf 90' lang='lat' dir='ltr'>minuere</span> <span class='ocrx_word' id='word_1_104' title='bbox 1479 820 1609 862; x_wconf 88' lang='lat' dir='ltr'>etiam</span> <span class='ocrx_word' id='word_1_105' title='bbox 1636 835 1753 875; x_wconf 86' lang='lat' dir='ltr'>spem</span> <span class='ocrx_word' id='word_1_106' title='bbox 1783 822 1801 851; x_wconf 81' lang='lat'>5</span> 
     </span>
     <span class='ocr_line' id='line_1_14' title="bbox 207 877 1758 934; baseline 0.001 -14"><span class='ocrx_word' id='word_1_107' title='bbox 207 879 296 920; x_wconf 89' lang='lat' dir='ltr'>eius</span> <span class='ocrx_word' id='word_1_108' title='bbox 328 877 434 919; x_wconf 89' lang='lat' dir='ltr'>duae</span> <span class='ocrx_word' id='word_1_109' title='bbox 466 877 592 931; x_wconf 87' lang='lat' dir='ltr'>aliae,</span> <span class='ocrx_word' id='word_1_110' title='bbox 617 892 748 932; x_wconf 87' lang='lat' dir='ltr'>parva</span> <span class='ocrx_word' id='word_1_111' title='bbox 779 891 1040 933; x_wconf 84' lang='lat' dir='ltr'>magnaque,</span> <span class='ocrx_word' id='word_1_112' title='bbox 1065 892 1153 919; x_wconf 89' lang='lat' dir='ltr'>res:</span> <span class='ocrx_word' id='word_1_113' title='bbox 1190 891 1349 933; x_wconf 84' lang='lat' dir='ltr'>magna</span> <span class='ocrx_word' id='word_1_114' title='bbox 1380 878 1472 932; x_wconf 87' lang='lat' dir='ltr'>illa,</span> <span class='ocrx_word' id='word_1_115' title='bbox 1505 879 1630 934; x_wconf 87' lang='lat' dir='ltr'>quod,</span> <span class='ocrx_word' id='word_1_116' title='bbox 1663 894 1758 921; x_wconf 89' lang='lat' dir='ltr'>cum</span> 
     </span>
     <span class='ocr_line' id='line_1_15' title="bbox 204 936 1758 991; baseline 0.001 -13"><span class='ocrx_word' id='word_1_117' title='bbox 204 938 296 991; x_wconf 88' lang='lat' dir='ltr'>ipse</span> <span class='ocrx_word' id='word_1_118' title='bbox 329 936 382 977; x_wconf 85' lang='lat' dir='ltr'>ad</span> <span class='ocrx_word' id='word_1_119' title='bbox 413 937 583 978; x_wconf 90' lang='lat' dir='ltr'>moenia</span> <span class='ocrx_word' id='word_1_120' title='bbox 612 937 731 978; x_wconf 89' lang='lat' dir='ltr'>urbis</span> <span class='ocrx_word' id='word_1_121' title='bbox 763 936 925 978; x_wconf 87' lang='lat' dir='ltr'>Romae</span> <span class='ocrx_word' id='word_1_122' title='bbox 953 939 1141 979; x_wconf 87' lang='lat' dir='ltr'>armatus</span> <span class='ocrx_word' id='word_1_123' title='bbox 1174 936 1357 989; x_wconf 89' lang='lat' dir='ltr'>sederet,</span> <span class='ocrx_word' id='word_1_124' title='bbox 1390 938 1546 979; x_wconf 87' lang='lat' dir='ltr'>milites</span> <span class='ocrx_word' id='word_1_125' title='bbox 1579 938 1656 979; x_wconf 87' lang='lat' dir='ltr'>sub</span> <span class='ocrx_word' id='word_1_126' title='bbox 1689 953 1758 979; x_wconf 83' lang='lat' dir='ltr'>ve-</span> 
     </span>
     <span class='ocr_line' id='line_1_16' title="bbox 203 995 1752 1051; baseline 0.001 -15"><span class='ocrx_word' id='word_1_127' title='bbox 203 995 319 1037; x_wconf 85' lang='lat' dir='ltr'>xillis</span> <span class='ocrx_word' id='word_1_128' title='bbox 346 995 391 1036; x_wconf 89' lang='lat' dir='ltr'>in</span> <span class='ocrx_word' id='word_1_129' title='bbox 417 996 759 1049; x_wconf 89' lang='lat' dir='ltr'>supplementum</span> <span class='ocrx_word' id='word_1_130' title='bbox 779 995 1012 1049; x_wconf 87' lang='lat' dir='ltr'>Hispaniae</span> <span class='ocrx_word' id='word_1_131' title='bbox 1032 995 1247 1050; x_wconf 87' lang='lat' dir='ltr'>profectos</span> <span class='ocrx_word' id='word_1_132' title='bbox 1267 995 1420 1051; x_wconf 81' lang='lat' dir='ltr'>audiit3</span> <span class='ocrx_word' id='word_1_133' title='bbox 1445 1011 1577 1050; x_wconf 77' lang='lat' dir='ltr'>parva</span> <span class='ocrx_word' id='word_1_134' title='bbox 1599 999 1752 1051; x_wconf 83' lang='lat' dir='ltr'>autem,</span> 
     </span>
    </p>
   </div>
   <div class='ocr_carea' id='block_1_7' title="bbox 203 1110 945 1697">
    <p class='ocr_par' dir='ltr' id='par_1_7' title="bbox 203 1110 945 1250">
     <span class='ocr_line' id='line_1_17' title="bbox 203 1110 945 1156; baseline 0 -11"><span class='ocrx_word' id='word_1_135' title='bbox 203 1110 333 1146; x_wconf 76' lang='lat' dir='ltr'>hasten</span> <span class='ocrx_word' id='word_1_136' title='bbox 363 1110 656 1156; x_wconf 80' lang='lat' dir='ltr'>Entscheidung3</span> <span class='ocrx_word' id='word_1_137' title='bbox 689 1122 729 1146; x_wconf 89' lang='lat' dir='ltr'>so</span> <span class='ocrx_word' id='word_1_138' title='bbox 760 1111 873 1146; x_wconf 74' lang='lat' dir='ltr'>ofters</span> <span class='ocrx_word' id='word_1_139' title='bbox 903 1111 945 1145; x_wconf 85' lang='lat' dir='ltr'>in</span> 
     </span>
     <span class='ocr_line' id='line_1_18' title="bbox 203 1158 941 1202; baseline -0.003 -8"><span class='ocrx_word' id='word_1_140' title='bbox 203 1159 377 1194; x_wconf 80' lang='lat' dir='ltr'>incertum</span> <span class='ocrx_word' id='word_1_141' title='bbox 404 1162 564 1192; x_wconf 83' lang='lat' dir='ltr'>eventum</span> <span class='ocrx_word' id='word_1_142' title='bbox 589 1158 623 1202; x_wconf 89' lang='lat'>1,</span> <span class='ocrx_word' id='word_1_143' title='bbox 652 1162 706 1202; x_wconf 84' lang='lat'>17,</span> <span class='ocrx_word' id='word_1_144' title='bbox 731 1162 762 1192; x_wconf 86' lang='lat'>9.</span> <span class='ocrx_word' id='word_1_145' title='bbox 789 1168 818 1192; x_wconf 88' lang='lat' dir='ltr'>c.</span> <span class='ocrx_word' id='word_1_146' title='bbox 845 1161 900 1201; x_wconf 86' lang='lat'>39,</span> <span class='ocrx_word' id='word_1_147' title='bbox 922 1161 941 1192; x_wconf 87' lang='lat'>9</span> 
     </span>
     <span class='ocr_line' id='line_1_19' title="bbox 203 1206 660 1250; baseline 0 -10"><span class='ocrx_word' id='word_1_148' title='bbox 203 1206 245 1240; x_wconf 89' lang='lat' dir='ltr'>in</span> <span class='ocrx_word' id='word_1_149' title='bbox 270 1206 463 1240; x_wconf 85' lang='lat' dir='ltr'>discrimen</span> <span class='ocrx_word' id='word_1_150' title='bbox 483 1216 660 1250; x_wconf 76' lang='lat' dir='ltr'>puynare.</span> 
     </span>
    </p>

    <p class='ocr_par' dir='ltr' id='par_1_8' title="bbox 204 1263 944 1534">
     <span class='ocr_line' id='line_1_20' title="bbox 251 1263 943 1310; baseline -0.001 -11"><span class='ocrx_word' id='word_1_151' title='bbox 251 1265 293 1299; x_wconf 85' lang='lat' dir='ltr'>in</span> <span class='ocrx_word' id='word_1_152' title='bbox 310 1275 384 1309; x_wconf 81' lang='lat' dir='ltr'>qua</span> <span class='ocrx_word' id='word_1_153' title='bbox 409 1291 416 1299; x_wconf 89' lang='lat'>.</span> <span class='ocrx_word' id='word_1_154' title='bbox 438 1291 447 1300; x_wconf 91' lang='lat'><strong>.</strong></span> <span class='ocrx_word' id='word_1_155' title='bbox 467 1264 568 1310; x_wconf 86' lang='lat' dir='ltr'>esset]</span> <span class='ocrx_word' id='word_1_156' title='bbox 593 1263 655 1299; x_wconf 87' lang='lat' dir='ltr'>bei</span> <span class='ocrx_word' id='word_1_157' title='bbox 679 1264 858 1298; x_wconf 85' lang='lat' dir='ltr'>welchem</span> <span class='ocrx_word' id='word_1_158' title='bbox 884 1263 943 1298; x_wconf 88' lang='lat' dir='ltr'>die</span> 
     </span>
     <span class='ocr_line' id='line_1_21' title="bbox 207 1311 942 1356; baseline -0.003 -10"><span class='ocrx_word' id='word_1_159' title='bbox 207 1311 317 1346; x_wconf 85' lang='lat' dir='ltr'>Stadt</span> <span class='ocrx_word' id='word_1_160' title='bbox 340 1311 434 1346; x_wconf 87' lang='lat' dir='ltr'>Rom</span> <span class='ocrx_word' id='word_1_161' title='bbox 461 1311 698 1356; x_wconf 83' lang='lat' dir='ltr'>Siegesbeute</span> <span class='ocrx_word' id='word_1_162' title='bbox 724 1314 838 1353; x_wconf 78' lang='lat' dir='ltr'>w‘are3</span> <span class='ocrx_word' id='word_1_163' title='bbox 864 1321 942 1345; x_wconf 79' lang='lat' dir='ltr'>ver-</span> 
     </span>
     <span class='ocr_line' id='line_1_22' title="bbox 204 1357 944 1403; baseline 0 -11"><span class='ocrx_word' id='word_1_164' title='bbox 204 1358 284 1403; x_wconf 87' lang='lat' dir='ltr'>legt</span> <span class='ocrx_word' id='word_1_165' title='bbox 314 1358 384 1393; x_wconf 90' lang='lat' dir='ltr'>den</span> <span class='ocrx_word' id='word_1_166' title='bbox 409 1357 611 1393; x_wconf 84' lang='lat' dir='ltr'>Gedanken</span> <span class='ocrx_word' id='word_1_167' title='bbox 640 1357 679 1392; x_wconf 88' lang='lat' dir='ltr'>in</span> <span class='ocrx_word' id='word_1_168' title='bbox 710 1358 769 1393; x_wconf 86' lang='lat' dir='ltr'>die</span> <span class='ocrx_word' id='word_1_169' title='bbox 802 1357 944 1402; x_wconf 87' lang='lat' dir='ltr'>Gegen—</span> 
     </span>
     <span class='ocr_line' id='line_1_23' title="bbox 205 1404 943 1450; baseline -0.001 -10"><span class='ocrx_word' id='word_1_170' title='bbox 205 1408 300 1440; x_wconf 83' lang='lat' dir='ltr'>wart</span> <span class='ocrx_word' id='word_1_171' title='bbox 310 1416 394 1440; x_wconf 89' lang='lat' dir='ltr'>vom</span> <span class='ocrx_word' id='word_1_172' title='bbox 404 1404 660 1449; x_wconf 85' lang='lat' dir='ltr'>Standpunkte</span> <span class='ocrx_word' id='word_1_173' title='bbox 673 1405 738 1440; x_wconf 90' lang='lat' dir='ltr'>der</span> <span class='ocrx_word' id='word_1_174' title='bbox 745 1405 943 1450; x_wconf 68' lang='lat' dir='ltr'>Kampfen-</span> 
     </span>
     <span class='ocr_line' id='line_1_24' title="bbox 205 1452 944 1495; baseline -0.003 -8"><span class='ocrx_word' id='word_1_175' title='bbox 205 1453 275 1487; x_wconf 88' lang='lat' dir='ltr'>den</span> <span class='ocrx_word' id='word_1_176' title='bbox 296 1463 378 1493; x_wconf 89' lang='lat' dir='ltr'>aus;</span> <span class='ocrx_word' id='word_1_177' title='bbox 402 1452 468 1486; x_wconf 89' lang='lat' dir='ltr'>wir</span> <span class='ocrx_word' id='word_1_178' title='bbox 488 1453 669 1487; x_wconf 85' lang='lat' dir='ltr'>erwarten</span> <span class='ocrx_word' id='word_1_179' title='bbox 691 1452 820 1495; x_wconf 76' lang='lat' dir='ltr'>futura</span> <span class='ocrx_word' id='word_1_180' title='bbox 841 1454 944 1487; x_wconf 84' lang='lat' dir='ltr'>esset:</span> 
     </span>
     <span class='ocr_line' id='line_1_25' title="bbox 207 1498 704 1534; baseline 0 0"><span class='ocrx_word' id='word_1_181' title='bbox 207 1498 284 1534; x_wconf 88' lang='lat' dir='ltr'>sein</span> <span class='ocrx_word' id='word_1_182' title='bbox 310 1499 418 1534; x_wconf 81' lang='lat' dir='ltr'>sollte</span> <span class='ocrx_word' id='word_1_183' title='bbox 445 1499 533 1533; x_wconf 88' lang='lat' dir='ltr'>oder</span> <span class='ocrx_word' id='word_1_184' title='bbox 557 1498 704 1534; x_wconf 74' lang='lat' dir='ltr'>mfisste.</span> 
     </span>
    </p>

    <p class='ocr_par' dir='ltr' id='par_1_9' title="bbox 204 1557 944 1697">
     <span class='ocr_line' id='line_1_26' title="bbox 250 1557 943 1603; baseline 0 -11"><span class='ocrx_word' id='word_1_185' title='bbox 250 1557 394 1603; x_wconf 83' lang='lat' dir='ltr'>victori]</span> <span class='ocrx_word' id='word_1_186' title='bbox 411 1574 455 1586; x_wconf 91' lang='lat'>=</span> <span class='ocrx_word' id='word_1_187' title='bbox 469 1558 501 1592; x_wconf 86' lang='lat' dir='ltr'>ei</span> <span class='ocrx_word' id='word_1_188' title='bbox 519 1558 583 1603; x_wconf 78' lang='lat' dir='ltr'>qui</span> <span class='ocrx_word' id='word_1_189' title='bbox 600 1558 751 1599; x_wconf 76' lang='lat' dir='ltr'>vicisset,</span> <span class='ocrx_word' id='word_1_190' title='bbox 777 1557 836 1600; x_wconf 84' lang='grc'>29,</span> <span class='ocrx_word' id='word_1_191' title='bbox 852 1561 884 1601; x_wconf 88' lang='grc'>6,</span> <span class='ocrx_word' id='word_1_192' title='bbox 901 1560 943 1592; x_wconf 83' lang='grc'>15</span> 
     </span>
     <span class='ocr_line' id='line_1_27' title="bbox 204 1605 944 1649; baseline -0.001 -9"><span class='ocrx_word' id='word_1_193' title='bbox 204 1605 326 1640; x_wconf 83' lang='lat' dir='ltr'>wrbem</span> <span class='ocrx_word' id='word_1_194' title='bbox 368 1605 564 1648; x_wconf 75' lang='lat' dir='ltr'>habebant,</span> <span class='ocrx_word' id='word_1_195' title='bbox 606 1605 801 1640; x_wconf 85' lang='lat' dir='ltr'>victoribus</span> <span class='ocrx_word' id='word_1_196' title='bbox 836 1616 944 1649; x_wconf 85' lang='lat' dir='ltr'>prae-</span> 
     </span>
     <span class='ocr_line' id='line_1_28' title="bbox 204 1652 708 1697; baseline -0.002 -10"><span class='ocrx_word' id='word_1_197' title='bbox 204 1653 316 1687; x_wconf 80' lang='lat' dir='ltr'>mium</span> <span class='ocrx_word' id='word_1_198' title='bbox 340 1652 382 1686; x_wconf 87' lang='lat' dir='ltr'>in</span> <span class='ocrx_word' id='word_1_199' title='bbox 405 1653 520 1687; x_wconf 87' lang='lat' dir='ltr'>medio</span> <span class='ocrx_word' id='word_1_200' title='bbox 538 1653 708 1697; x_wconf 82' lang='lat' dir='ltr'>positam.</span> 
     </span>
    </p>
   </div>
   <div class='ocr_carea' id='block_1_8' title="bbox 201 1709 949 2379">
    <p class='ocr_par' dir='ltr' id='par_1_10' title="bbox 203 1709 945 1943">
     <span class='ocr_line' id='line_1_29' title="bbox 251 1709 944 1757; baseline -0.001 -11"><span class='ocrx_word' id='word_1_201' title='bbox 251 1711 362 1746; x_wconf 84' lang='lat' dir='ltr'>imber</span> <span class='ocrx_word' id='word_1_202' title='bbox 375 1711 517 1757; x_wconf 71' lang='lat' dir='ltr'>inqens]</span> <span class='ocrx_word' id='word_1_203' title='bbox 533 1711 592 1745; x_wconf 91' lang='lat' dir='ltr'>ein</span> <span class='ocrx_word' id='word_1_204' title='bbox 605 1711 643 1746; x_wconf 92' lang='lat' dir='ltr'>in</span> <span class='ocrx_word' id='word_1_205' title='bbox 658 1711 728 1746; x_wconf 88' lang='lat' dir='ltr'>den</span> <span class='ocrx_word' id='word_1_206' title='bbox 737 1709 944 1749; x_wconf 72' lang='lat' dir='ltr'>romischen</span> 
     </span>
     <span class='ocr_line' id='line_1_30' title="bbox 204 1758 944 1802; baseline 0 -10"><span class='ocrx_word' id='word_1_207' title='bbox 204 1758 375 1793; x_wconf 89' lang='lat' dir='ltr'>Annalen</span> <span class='ocrx_word' id='word_1_208' title='bbox 393 1758 497 1793; x_wconf 88' lang='lat' dir='ltr'>nicht</span> <span class='ocrx_word' id='word_1_209' title='bbox 516 1758 674 1793; x_wconf 87' lang='lat' dir='ltr'>seltener</span> <span class='ocrx_word' id='word_1_210' title='bbox 687 1758 826 1793; x_wconf 83' lang='lat' dir='ltr'>Beweis</span> <span class='ocrx_word' id='word_1_211' title='bbox 847 1759 944 1802; x_wconf 73' lang='lat' dir='ltr'>gott-</span> 
     </span>
     <span class='ocr_line' id='line_1_31' title="bbox 203 1804 945 1850; baseline -0.001 -10"><span class='ocrx_word' id='word_1_212' title='bbox 203 1806 327 1841; x_wconf 89' lang='lat' dir='ltr'>lichen</span> <span class='ocrx_word' id='word_1_213' title='bbox 357 1804 573 1840; x_wconf 84' lang='lat' dir='ltr'>Beistandes</span> <span class='ocrx_word' id='word_1_214' title='bbox 604 1806 691 1840; x_wconf 90' lang='lat' dir='ltr'>oder</span> <span class='ocrx_word' id='word_1_215' title='bbox 721 1805 945 1850; x_wconf 88' lang='lat' dir='ltr'>Andeutung</span> 
     </span>
     <span class='ocr_line' id='line_1_32' title="bbox 205 1851 943 1897; baseline -0.001 -10"><span class='ocrx_word' id='word_1_216' title='bbox 205 1852 412 1897; x_wconf 73' lang='lat' dir='ltr'>gottlichen</span> <span class='ocrx_word' id='word_1_217' title='bbox 438 1851 606 1895; x_wconf 80' lang='lat' dir='ltr'>willens,</span> <span class='ocrx_word' id='word_1_218' title='bbox 655 1852 739 1897; x_wconf 84' lang='lat' dir='ltr'>Vgl.</span> <span class='ocrx_word' id='word_1_219' title='bbox 767 1852 801 1895; x_wconf 87' lang='lat'>2,</span> <span class='ocrx_word' id='word_1_220' title='bbox 828 1856 885 1895; x_wconf 86' lang='lat'>62,</span> <span class='ocrx_word' id='word_1_221' title='bbox 911 1855 943 1886; x_wconf 94' lang='lat'>2.</span> 
     </span>
     <span class='ocr_line' id='line_1_33' title="bbox 206 1899 609 1943; baseline -0.002 -9"><span class='ocrx_word' id='word_1_222' title='bbox 206 1899 241 1943; x_wconf 78' lang='lat'>6,</span> <span class='ocrx_word' id='word_1_223' title='bbox 267 1902 299 1943; x_wconf 90' lang='grc'>8,</span> <span class='ocrx_word' id='word_1_224' title='bbox 325 1902 357 1934; x_wconf 91' lang='grc'>8.</span> <span class='ocrx_word' id='word_1_225' title='bbox 384 1899 444 1943; x_wconf 85' lang='grc'>28,</span> <span class='ocrx_word' id='word_1_226' title='bbox 473 1902 526 1942; x_wconf 92' lang='grc'>15,</span> <span class='ocrx_word' id='word_1_227' title='bbox 555 1903 609 1934; x_wconf 91' lang='grc'>11.</span> 
     </span>
    </p>

    <p class='ocr_par' dir='ltr' id='par_1_11' title="bbox 201 1956 949 2228">
     <span class='ocr_line' id='line_1_34' title="bbox 252 1956 949 2003; baseline -0.003 -10"><span class='ocrx_word' id='word_1_228' title='bbox 252 1958 463 2003; x_wconf 72' lang='lat' dir='ltr'>receperint]</span> <span class='ocrx_word' id='word_1_229' title='bbox 508 1957 574 1993; x_wconf 89' lang='lat' dir='ltr'>Bei</span> <span class='ocrx_word' id='word_1_230' title='bbox 619 1957 698 1992; x_wconf 87' lang='lat' dir='ltr'>Liv.</span> <span class='ocrx_word' id='word_1_231' title='bbox 745 1957 841 2002; x_wconf 87' lang='lat' dir='ltr'>folgt</span> <span class='ocrx_word' id='word_1_232' title='bbox 881 1956 949 1992; x_wconf 85' lang='lat' dir='ltr'>auf</span> 
     </span>
     <span class='ocr_line' id='line_1_35' title="bbox 206 2004 944 2050; baseline -0.003 -10"><span class='ocrx_word' id='word_1_233' title='bbox 206 2005 391 2050; x_wconf 86' lang='lat' dir='ltr'>Tempora</span> <span class='ocrx_word' id='word_1_234' title='bbox 405 2005 470 2040; x_wconf 89' lang='lat' dir='ltr'>der</span> <span class='ocrx_word' id='word_1_235' title='bbox 483 2004 786 2050; x_wconf 86' lang='lat' dir='ltr'>Vergangenheit</span> <span class='ocrx_word' id='word_1_236' title='bbox 797 2005 835 2038; x_wconf 85' lang='lat' dir='ltr'>in</span> <span class='ocrx_word' id='word_1_237' title='bbox 845 2004 944 2040; x_wconf 88' lang='lat' dir='ltr'>Kon-</span> 
     </span>
     <span class='ocr_line' id='line_1_36' title="bbox 205 2050 944 2087; baseline -0.003 0"><span class='ocrx_word' id='word_1_238' title='bbox 205 2052 480 2087; x_wconf 80' lang='lat' dir='ltr'>sekutivs&#39;atzen</span> <span class='ocrx_word' id='word_1_239' title='bbox 494 2051 578 2087; x_wconf 86' lang='lat' dir='ltr'>sehr</span> <span class='ocrx_word' id='word_1_240' title='bbox 591 2052 646 2086; x_wconf 85' lang='lat' dir='ltr'>oft</span> <span class='ocrx_word' id='word_1_241' title='bbox 660 2052 725 2086; x_wconf 90' lang='lat' dir='ltr'>das</span> <span class='ocrx_word' id='word_1_242' title='bbox 738 2050 833 2086; x_wconf 78' lang='lat' dir='ltr'>Perf.</span> <span class='ocrx_word' id='word_1_243' title='bbox 848 2052 944 2086; x_wconf 90' lang='lat' dir='ltr'>Kon-</span> 
     </span>
     <span class='ocr_line' id='line_1_37' title="bbox 201 2098 945 2144; baseline 0 -11"><span class='ocrx_word' id='word_1_244' title='bbox 201 2099 377 2144; x_wconf 85' lang='lat' dir='ltr'>junktivi,</span> <span class='ocrx_word' id='word_1_245' title='bbox 390 2099 515 2133; x_wconf 89' lang='lat' dir='ltr'>indem</span> <span class='ocrx_word' id='word_1_246' title='bbox 526 2099 578 2134; x_wconf 90' lang='lat' dir='ltr'>im</span> <span class='ocrx_word' id='word_1_247' title='bbox 592 2098 827 2144; x_wconf 71' lang='lat' dir='ltr'>abhangigen</span> <span class='ocrx_word' id='word_1_248' title='bbox 839 2099 945 2133; x_wconf 85' lang='lat' dir='ltr'>Satze</span> 
     </span>
     <span class='ocr_line' id='line_1_38' title="bbox 205 2145 944 2228; baseline -0.001 -47"><span class='ocrx_word' id='word_1_249' title='bbox 205 2158 267 2228; x_wconf 78' lang='lat' dir='ltr'>zTur</span> <span class='ocrx_word' id='word_1_250' title='bbox 280 2145 465 2228; x_wconf 51' lang='lat' dir='ltr'>grosseaen</span> <span class='ocrx_word' id='word_1_251' title='bbox 476 2146 944 2228; x_wconf 41' lang='lat' dir='ltr'>vemfflscssnliffhussggas</span> 
     </span>
    </p>

    <p class='ocr_par' dir='ltr' id='par_1_12' title="bbox 204 2203 946 2379">
     <span class='ocr_line' id='line_1_39' title="bbox 239 2203 944 2238; baseline -0.001 -10"><span class='ocrx_word' id='word_1_252' title='bbox 239 2204 367 2238; x_wconf 89' lang='lat' dir='ltr'>empus</span> <span class='ocrx_word' id='word_1_253' title='bbox 427 2204 466 2228; x_wconf 89' lang='lat' dir='ltr'>er</span> <span class='ocrx_word' id='word_1_254' title='bbox 496 2204 561 2228; x_wconf 85' lang='lat' dir='ltr'>ora</span> <span class='ocrx_word' id='word_1_255' title='bbox 577 2203 612 2228; x_wconf 78' lang='lat' dir='ltr'>io</span> <span class='ocrx_word' id='word_1_256' title='bbox 671 2204 743 2227; x_wconf 69' lang='lat' dir='ltr'>erec</span> <span class='ocrx_word' id='word_1_257' title='bbox 760 2204 783 2227; x_wconf 86' lang='lat' dir='ltr'>a</span> <span class='ocrx_word' id='word_1_258' title='bbox 845 2203 879 2228; x_wconf 79' lang='lat' dir='ltr'>ei</span> <span class='ocrx_word' id='word_1_259' title='bbox 908 2203 944 2228; x_wconf 88' lang='lat' dir='ltr'>e—</span> 
     </span>
     <span class='ocr_line' id='line_1_40' title="bbox 204 2240 943 2283; baseline -0.001 -8"><span class='ocrx_word' id='word_1_260' title='bbox 204 2240 334 2276; x_wconf 86' lang='lat' dir='ltr'>halten</span> <span class='ocrx_word' id='word_1_261' title='bbox 362 2240 461 2274; x_wconf 83' lang='lat' dir='ltr'>wird.</span> <span class='ocrx_word' id='word_1_262' title='bbox 511 2240 572 2281; x_wconf 82' lang='lat'>28,</span> <span class='ocrx_word' id='word_1_263' title='bbox 601 2243 655 2283; x_wconf 84' lang='lat'>15,</span> <span class='ocrx_word' id='word_1_264' title='bbox 683 2244 724 2274; x_wconf 92' lang='lat'>11</span> <span class='ocrx_word' id='word_1_265' title='bbox 750 2240 825 2275; x_wconf 86' lang='lat' dir='ltr'>nisi</span> <span class='ocrx_word' id='word_1_266' title='bbox 849 2250 884 2274; x_wconf 91' lang='lat' dir='ltr'>se</span> <span class='ocrx_word' id='word_1_267' title='bbox 906 2268 912 2273; x_wconf 96' lang='lat'>.</span> <span class='ocrx_word' id='word_1_268' title='bbox 936 2267 943 2274; x_wconf 92' lang='lat'><strong>.</strong></span> 
     </span>
     <span class='ocr_line' id='line_1_41' title="bbox 205 2287 946 2332; baseline 0 -10"><span class='ocrx_word' id='word_1_269' title='bbox 205 2290 312 2322; x_wconf 87' lang='lat' dir='ltr'>tanta</span> <span class='ocrx_word' id='word_1_270' title='bbox 335 2288 389 2322; x_wconf 81' lang='lat' dir='ltr'>vis</span> <span class='ocrx_word' id='word_1_271' title='bbox 405 2299 519 2332; x_wconf 80' lang='lat' dir='ltr'>aquae</span> <span class='ocrx_word' id='word_1_272' title='bbox 543 2288 732 2330; x_wconf 82' lang='lat' dir='ltr'>deiecisset,</span> <span class='ocrx_word' id='word_1_273' title='bbox 752 2290 794 2321; x_wconf 81' lang='lat' dir='ltr'>ut</span> <span class='ocrx_word' id='word_1_274' title='bbox 817 2288 880 2322; x_wconf 76' lang='lat' dir='ltr'>vix</span> <span class='ocrx_word' id='word_1_275' title='bbox 904 2287 946 2322; x_wconf 87' lang='lat' dir='ltr'>in</span> 
     </span>
     <span class='ocr_line' id='line_1_42' title="bbox 207 2335 881 2379; baseline -0.001 -9"><span class='ocrx_word' id='word_1_276' title='bbox 207 2338 327 2370; x_wconf 80' lang='lat' dir='ltr'>castra</span> <span class='ocrx_word' id='word_1_277' title='bbox 351 2345 419 2370; x_wconf 78' lang='lat' dir='ltr'>saa</span> <span class='ocrx_word' id='word_1_278' title='bbox 443 2346 478 2370; x_wconf 88' lang='lat' dir='ltr'>se</span> <span class='ocrx_word' id='word_1_279' title='bbox 502 2335 699 2379; x_wconf 77' lang='lat' dir='ltr'>receperint</span> <span class='ocrx_word' id='word_1_280' title='bbox 722 2335 881 2369; x_wconf 83' lang='lat' dir='ltr'>victores.</span> 
     </span>
    </p>
   </div>
   <div class='ocr_carea' id='block_1_9' title="bbox 207 2392 946 2578">
    <p class='ocr_par' dir='ltr' id='par_1_13' title="bbox 207 2392 946 2578">
     <span class='ocr_line' id='line_1_43' title="bbox 254 2392 945 2439; baseline -0.001 -11"><span class='ocrx_word' id='word_1_281' title='bbox 254 2393 394 2428; x_wconf 78' lang='lat' dir='ltr'>nullius</span> <span class='ocrx_word' id='word_1_282' title='bbox 415 2394 469 2428; x_wconf 84' lang='lat' dir='ltr'>rei</span> <span class='ocrx_word' id='word_1_283' title='bbox 486 2404 531 2427; x_wconf 87' lang='lat' dir='ltr'>m.</span> <span class='ocrx_word' id='word_1_284' title='bbox 554 2421 560 2427; x_wconf 95' lang='lat'>.</span> <span class='ocrx_word' id='word_1_285' title='bbox 583 2422 588 2427; x_wconf 95' lang='lat'>.</span> <span class='ocrx_word' id='word_1_286' title='bbox 609 2393 719 2439; x_wconf 84' lang='lat' dir='ltr'>metu]</span> <span class='ocrx_word' id='word_1_287' title='bbox 746 2392 797 2427; x_wconf 87' lang='lat' dir='ltr'>sie</span> <span class='ocrx_word' id='word_1_288' title='bbox 822 2392 945 2427; x_wconf 77' lang='lat' dir='ltr'>ffirch-</span> 
     </span>
     <span class='ocr_line' id='line_1_44' title="bbox 207 2439 945 2475; baseline 0 -1"><span class='ocrx_word' id='word_1_289' title='bbox 207 2440 312 2474; x_wconf 87' lang='lat' dir='ltr'>teten</span> <span class='ocrx_word' id='word_1_290' title='bbox 348 2440 439 2474; x_wconf 83' lang='lat' dir='ltr'>alles</span> <span class='ocrx_word' id='word_1_291' title='bbox 476 2440 611 2475; x_wconf 87' lang='lat' dir='ltr'>andere</span> <span class='ocrx_word' id='word_1_292' title='bbox 652 2440 757 2474; x_wconf 89' lang='lat' dir='ltr'>mehr</span> <span class='ocrx_word' id='word_1_293' title='bbox 793 2440 848 2475; x_wconf 80' lang='lat' dir='ltr'>als</span> <span class='ocrx_word' id='word_1_294' title='bbox 886 2439 945 2474; x_wconf 89' lang='lat' dir='ltr'>die</span> 
     </span>
     <span class='ocr_line' id='line_1_45' title="bbox 207 2486 946 2532; baseline 0 -11"><span class='ocrx_word' id='word_1_295' title='bbox 207 2486 357 2521; x_wconf 87' lang='lat' dir='ltr'>Feinde.</span> <span class='ocrx_word' id='word_1_296' title='bbox 400 2486 460 2529; x_wconf 86' lang='grc'>29,</span> <span class='ocrx_word' id='word_1_297' title='bbox 482 2490 514 2530; x_wconf 84' lang='grc'>7,</span> <span class='ocrx_word' id='word_1_298' title='bbox 535 2490 555 2521; x_wconf 90' lang='grc'>8</span> <span class='ocrx_word' id='word_1_299' title='bbox 574 2487 670 2521; x_wconf 84' lang='lat' dir='ltr'>nihil</span> <span class='ocrx_word' id='word_1_300' title='bbox 692 2488 814 2522; x_wconf 81' lang='lat' dir='ltr'>minus</span> <span class='ocrx_word' id='word_1_301' title='bbox 837 2498 946 2532; x_wconf 79' lang='lat' dir='ltr'>quam</span> 
     </span>
     <span class='ocr_line' id='line_1_46' title="bbox 207 2534 705 2578; baseline -0.002 -9"><span class='ocrx_word' id='word_1_302' title='bbox 207 2534 279 2569; x_wconf 80' lang='lat' dir='ltr'>tale</span> <span class='ocrx_word' id='word_1_303' title='bbox 303 2534 494 2578; x_wconf 78' lang='lat' dir='ltr'>quicquam</span> <span class='ocrx_word' id='word_1_304' title='bbox 518 2534 705 2568; x_wconf 86' lang='lat' dir='ltr'>timentem.</span> 
     </span>
    </p>
   </div>
   <div class='ocr_carea' id='block_1_10' title="bbox 208 2591 946 2684">
    <p class='ocr_par' dir='ltr' id='par_1_14' title="bbox 208 2591 946 2684">
     <span class='ocr_line' id='line_1_47' title="bbox 255 2591 946 2637; baseline 0.001 -11"><span class='ocrx_word' id='word_1_305' title='bbox 255 2597 287 2627; x_wconf 92' lang='lat'>3.</span> <span class='ocrx_word' id='word_1_306' title='bbox 320 2592 440 2627; x_wconf 85' lang='lat' dir='ltr'>eadem</span> <span class='ocrx_word' id='word_1_307' title='bbox 477 2592 677 2637; x_wconf 81' lang='lat' dir='ltr'>tempestas]</span> <span class='ocrx_word' id='word_1_308' title='bbox 717 2592 776 2627; x_wconf 86' lang='lat' dir='ltr'>ein</span> <span class='ocrx_word' id='word_1_309' title='bbox 813 2591 946 2628; x_wconf 84' lang='lat' dir='ltr'>ebenso</span> 
     </span>
     <span class='ocr_line' id='line_1_48' title="bbox 208 2638 594 2684; baseline -0.003 -10"><span class='ocrx_word' id='word_1_310' title='bbox 208 2639 369 2684; x_wconf 88' lang='lat' dir='ltr'>heftiges</span> <span class='ocrx_word' id='word_1_311' title='bbox 394 2638 594 2673; x_wconf 83' lang='lat' dir='ltr'>Unwetter.</span> 
     </span>
    </p>
   </div>
   <div class='ocr_carea' id='block_1_11' title="bbox 208 2698 945 2884">
    <p class='ocr_par' dir='ltr' id='par_1_15' title="bbox 208 2698 945 2884">
     <span class='ocr_line' id='line_1_49' title="bbox 260 2698 944 2742; baseline -0.003 -8"><span class='ocrx_word' id='word_1_312' title='bbox 260 2699 356 2734; x_wconf 81' lang='lat' dir='ltr'>mira</span> <span class='ocrx_word' id='word_1_313' title='bbox 375 2699 547 2734; x_wconf 77' lang='lat' dir='ltr'>serenitas</span> <span class='ocrx_word' id='word_1_314' title='bbox 566 2708 646 2733; x_wconf 78' lang='lat' dir='ltr'>cum</span> <span class='ocrx_word' id='word_1_315' title='bbox 664 2698 944 2742; x_wconf 75' lang='lat' dir='ltr'>tranquillitate]</span> 
     </span>
     <span class='ocr_line' id='line_1_50' title="bbox 208 2744 945 2790; baseline -0.003 -10"><span class='ocrx_word' id='word_1_316' title='bbox 208 2745 324 2781; x_wconf 81' lang='lat' dir='ltr'>helles</span> <span class='ocrx_word' id='word_1_317' title='bbox 355 2744 504 2790; x_wconf 85' lang='lat' dir='ltr'>ruhiges</span> <span class='ocrx_word' id='word_1_318' title='bbox 536 2744 750 2790; x_wconf 82' lang='lat' dir='ltr'>Tageslicht</span> <span class='ocrx_word' id='word_1_319' title='bbox 782 2744 815 2787; x_wconf 94' lang='lat'>1,</span> <span class='ocrx_word' id='word_1_320' title='bbox 844 2748 897 2787; x_wconf 86' lang='grc'>16,</span> <span class='ocrx_word' id='word_1_321' title='bbox 925 2748 945 2778; x_wconf 93' lang='grc'>2</span> 
     </span>
     <span class='ocr_line' id='line_1_51' title="bbox 208 2791 945 2837; baseline -0.004 -9"><span class='ocrx_word' id='word_1_322' title='bbox 208 2803 333 2828; x_wconf 83' lang='lat' dir='ltr'>serena</span> <span class='ocrx_word' id='word_1_323' title='bbox 351 2796 383 2827; x_wconf 89' lang='lat' dir='ltr'>et</span> <span class='ocrx_word' id='word_1_324' title='bbox 401 2793 604 2837; x_wconf 77' lang='lat' dir='ltr'>tranquilla</span> <span class='ocrx_word' id='word_1_325' title='bbox 623 2793 688 2827; x_wconf 74' lang='lat' dir='ltr'>lua:</span> <span class='ocrx_word' id='word_1_326' title='bbox 706 2792 815 2826; x_wconf 50' lang='lat' dir='ltr'>*rediit</span> <span class='ocrx_word' id='word_1_327' title='bbox 834 2791 868 2834; x_wconf 87' lang='lat'>2,</span> <span class='ocrx_word' id='word_1_328' title='bbox 890 2795 945 2834; x_wconf 85' lang='lat'>62,</span> 
     </span>
     <span class='ocr_line' id='line_1_52' title="bbox 210 2839 902 2884; baseline 0 -10"><span class='ocrx_word' id='word_1_329' title='bbox 210 2843 300 2874; x_wconf 92' lang='lat'>1—2</span> <span class='ocrx_word' id='word_1_330' title='bbox 326 2840 528 2884; x_wconf 76' lang='lat' dir='ltr'>tranquilla</span> <span class='ocrx_word' id='word_1_331' title='bbox 553 2840 726 2875; x_wconf 79' lang='lat' dir='ltr'>serenitas</span> <span class='ocrx_word' id='word_1_332' title='bbox 750 2839 902 2874; x_wconf 84' lang='lat' dir='ltr'>reddita.</span> 
     </span>
    </p>
   </div>
   <div class='ocr_carea' id='block_1_12' title="bbox 208 2897 945 2989">
    <p class='ocr_par' dir='ltr' id='par_1_16' title="bbox 208 2897 945 2989">
     <span class='ocr_line' id='line_1_53' title="bbox 256 2897 945 2943; baseline -0.001 -11"><span class='ocrx_word' id='word_1_333' title='bbox 256 2902 288 2932; x_wconf 93' lang='lat'>4.</span> <span class='ocrx_word' id='word_1_334' title='bbox 314 2899 356 2933; x_wconf 86' lang='lat' dir='ltr'>in</span> <span class='ocrx_word' id='word_1_335' title='bbox 379 2898 612 2943; x_wconf 74' lang='lat' dir='ltr'>reliyionem.</span> <span class='ocrx_word' id='word_1_336' title='bbox 640 2923 649 2932; x_wconf 89' lang='lat'><strong>.</strong></span> <span class='ocrx_word' id='word_1_337' title='bbox 677 2927 683 2934; x_wconf 91' lang='lat'>.</span> <span class='ocrx_word' id='word_1_338' title='bbox 715 2897 832 2943; x_wconf 80' lang='lat' dir='ltr'>versa]</span> <span class='ocrx_word' id='word_1_339' title='bbox 859 2908 945 2932; x_wconf 85' lang='lat' dir='ltr'>man</span> 
     </span>
     <span class='ocr_line' id='line_1_54' title="bbox 208 2944 945 2989; baseline 0.001 -11"><span class='ocrx_word' id='word_1_340' title='bbox 208 2944 308 2989; x_wconf 87' lang='lat' dir='ltr'>legte</span> <span class='ocrx_word' id='word_1_341' title='bbox 327 2945 392 2979; x_wconf 87' lang='lat' dir='ltr'>das</span> <span class='ocrx_word' id='word_1_342' title='bbox 412 2945 580 2989; x_wconf 83' lang='lat' dir='ltr'>Ereignis</span> <span class='ocrx_word' id='word_1_343' title='bbox 607 2956 671 2980; x_wconf 84' lang='lat' dir='ltr'>aus</span> <span class='ocrx_word' id='word_1_344' title='bbox 692 2945 745 2980; x_wconf 88' lang='lat' dir='ltr'>als</span> <span class='ocrx_word' id='word_1_345' title='bbox 764 2956 835 2979; x_wconf 86' lang='lat' dir='ltr'>von</span> <span class='ocrx_word' id='word_1_346' title='bbox 857 2944 945 2980; x_wconf 86' lang='lat' dir='ltr'>Gott</span> 
     </span>
    </p>
   </div>
   <div class='ocr_carea' id='block_1_13' title="bbox 1013 1111 1760 1382">
    <p class='ocr_par' dir='ltr' id='par_1_17' title="bbox 1013 1111 1760 1382">
     <span class='ocr_line' id='line_1_55' title="bbox 1017 1111 1757 1156; baseline 0.001 -11"><span class='ocrx_word' id='word_1_347' title='bbox 1017 1111 1212 1156; x_wconf 85' lang='lat' dir='ltr'>gesandtes</span> <span class='ocrx_word' id='word_1_348' title='bbox 1233 1111 1398 1154; x_wconf 85' lang='lat' dir='ltr'>Zeichen,</span> <span class='ocrx_word' id='word_1_349' title='bbox 1424 1112 1583 1147; x_wconf 83' lang='lat' dir='ltr'>welches</span> <span class='ocrx_word' id='word_1_350' title='bbox 1610 1124 1655 1146; x_wconf 89' lang='lat' dir='ltr'>zu</span> <span class='ocrx_word' id='word_1_351' title='bbox 1679 1123 1757 1146; x_wconf 84' lang='lat' dir='ltr'>ver-</span> 
     </span>
     <span class='ocr_line' id='line_1_56' title="bbox 1014 1158 1758 1204; baseline 0.003 -12"><span class='ocrx_word' id='word_1_352' title='bbox 1014 1158 1149 1193; x_wconf 89' lang='lat' dir='ltr'>achten</span> <span class='ocrx_word' id='word_1_353' title='bbox 1174 1158 1574 1194; x_wconf 85' lang='lat' dir='ltr'>Gewissensbedenken</span> <span class='ocrx_word' id='word_1_354' title='bbox 1599 1161 1758 1204; x_wconf 84' lang='lat' dir='ltr'>erzeugt.</span> 
     </span>
     <span class='ocr_line' id='line_1_57' title="bbox 1013 1205 1760 1250; baseline 0.001 -11"><span class='ocrx_word' id='word_1_355' title='bbox 1013 1205 1234 1250; x_wconf 74' lang='lat' dir='ltr'>(reliyiosum</span> <span class='ocrx_word' id='word_1_356' title='bbox 1266 1209 1340 1249; x_wconf 81' lang='lat' dir='ltr'>est).</span> <span class='ocrx_word' id='word_1_357' title='bbox 1374 1217 1403 1240; x_wconf 86' lang='lat' dir='ltr'>c.</span> <span class='ocrx_word' id='word_1_358' title='bbox 1431 1211 1487 1249; x_wconf 80' lang='lat'>45,</span> <span class='ocrx_word' id='word_1_359' title='bbox 1514 1210 1533 1240; x_wconf 80' lang='lat'>9</span> <span class='ocrx_word' id='word_1_360' title='bbox 1568 1207 1607 1240; x_wconf 86' lang='lat' dir='ltr'>in</span> <span class='ocrx_word' id='word_1_361' title='bbox 1631 1207 1760 1250; x_wconf 85' lang='lat' dir='ltr'>prodi-</span> 
     </span>
     <span class='ocr_line' id='line_1_58' title="bbox 1013 1252 1758 1298; baseline 0.003 -12"><span class='ocrx_word' id='word_1_362' title='bbox 1013 1252 1113 1297; x_wconf 77' lang='lat' dir='ltr'>9ium</span> <span class='ocrx_word' id='word_1_363' title='bbox 1128 1263 1171 1287; x_wconf 83' lang='lat' dir='ltr'>ac</span> <span class='ocrx_word' id='word_1_364' title='bbox 1191 1253 1272 1287; x_wconf 85' lang='lat' dir='ltr'>deos</span> <span class='ocrx_word' id='word_1_365' title='bbox 1288 1256 1424 1287; x_wconf 60' lang='lat' dir='ltr'>‘certem</span> <span class='ocrx_word' id='word_1_366' title='bbox 1437 1252 1497 1296; x_wconf 80' lang='lat'>30,</span> <span class='ocrx_word' id='word_1_367' title='bbox 1510 1256 1565 1298; x_wconf 83' lang='lat'>38,</span> <span class='ocrx_word' id='word_1_368' title='bbox 1582 1256 1624 1287; x_wconf 89' lang='lat'>10</span> <span class='ocrx_word' id='word_1_369' title='bbox 1645 1264 1758 1297; x_wconf 78' lang='lat' dir='ltr'>aqua-</span> 
     </span>
     <span class='ocr_line' id='line_1_59' title="bbox 1014 1300 1758 1345; baseline 0 -11"><span class='ocrx_word' id='word_1_370' title='bbox 1014 1310 1096 1334; x_wconf 76' lang='lat' dir='ltr'>rum</span> <span class='ocrx_word' id='word_1_371' title='bbox 1108 1300 1258 1334; x_wconf 81' lang='lat' dir='ltr'>insolita</span> <span class='ocrx_word' id='word_1_372' title='bbox 1270 1300 1481 1344; x_wconf 72' lang='lat' dir='ltr'>maynitudo</span> <span class='ocrx_word' id='word_1_373' title='bbox 1494 1301 1535 1334; x_wconf 83' lang='lat' dir='ltr'>in</span> <span class='ocrx_word' id='word_1_374' title='bbox 1553 1300 1758 1345; x_wconf 70' lang='lat' dir='ltr'>reliyionem</span> 
     </span>
     <span class='ocr_line' id='line_1_60' title="bbox 1015 1357 1128 1382; baseline 0.009 -1"><span class='ocrx_word' id='word_1_375' title='bbox 1015 1357 1128 1382; x_wconf 83' lang='lat' dir='ltr'>versa.</span> 
     </span>
    </p>
   </div>
   <div class='ocr_carea' id='block_1_14' title="bbox 1016 1417 1760 1791">
    <p class='ocr_par' dir='ltr' id='par_1_18' title="bbox 1016 1417 1760 1791">
     <span class='ocr_line' id='line_1_61' title="bbox 1063 1417 1758 1463; baseline 0 -12"><span class='ocrx_word' id='word_1_376' title='bbox 1063 1417 1166 1451; x_wconf 86' lang='lat' dir='ltr'>modo</span> <span class='ocrx_word' id='word_1_377' title='bbox 1196 1420 1343 1452; x_wconf 83' lang='lat' dir='ltr'>mentem</span> <span class='ocrx_word' id='word_1_378' title='bbox 1373 1427 1446 1452; x_wconf 88' lang='lat' dir='ltr'>non</span> <span class='ocrx_word' id='word_1_379' title='bbox 1477 1417 1578 1463; x_wconf 84' lang='lat' dir='ltr'>dari]</span> <span class='ocrx_word' id='word_1_380' title='bbox 1618 1417 1758 1459; x_wconf 82' lang='lat' dir='ltr'>Florus,</span> 
     </span>
     <span class='ocr_line' id='line_1_62' title="bbox 1017 1464 1758 1509; baseline 0.001 -11"><span class='ocrx_word' id='word_1_381' title='bbox 1017 1464 1050 1507; x_wconf 91' lang='lat'>1,</span> <span class='ocrx_word' id='word_1_382' title='bbox 1077 1468 1133 1508; x_wconf 91' lang='lat'>22,</span> <span class='ocrx_word' id='word_1_383' title='bbox 1159 1468 1204 1499; x_wconf 92' lang='grc'>20</span> <span class='ocrx_word' id='word_1_384' title='bbox 1230 1468 1296 1499; x_wconf 82' lang='lat' dir='ltr'>aut</span> <span class='ocrx_word' id='word_1_385' title='bbox 1328 1464 1447 1507; x_wconf 79' lang='lat' dir='ltr'>fatum</span> <span class='ocrx_word' id='word_1_386' title='bbox 1471 1465 1573 1499; x_wconf 79' lang='lat' dir='ltr'>urbis</span> <span class='ocrx_word' id='word_1_387' title='bbox 1605 1466 1758 1509; x_wconf 85' lang='lat' dir='ltr'>impera-</span> 
     </span>
     <span class='ocr_line' id='line_1_63' title="bbox 1016 1512 1756 1555; baseline 0 -9"><span class='ocrx_word' id='word_1_388' title='bbox 1016 1515 1121 1546; x_wconf 78' lang='lat' dir='ltr'>turae</span> <span class='ocrx_word' id='word_1_389' title='bbox 1151 1514 1216 1546; x_wconf 82' lang='lat' dir='ltr'>aut</span> <span class='ocrx_word' id='word_1_390' title='bbox 1234 1512 1352 1555; x_wconf 78' lang='lat' dir='ltr'>ipsius</span> <span class='ocrx_word' id='word_1_391' title='bbox 1380 1522 1476 1546; x_wconf 83' lang='lat' dir='ltr'>mens</span> <span class='ocrx_word' id='word_1_392' title='bbox 1502 1513 1600 1546; x_wconf 85' lang='lat' dir='ltr'>mala</span> <span class='ocrx_word' id='word_1_393' title='bbox 1621 1539 1628 1547; x_wconf 91' lang='lat'><strong>.</strong></span> <span class='ocrx_word' id='word_1_394' title='bbox 1653 1540 1659 1546; x_wconf 96' lang='lat'>.</span> <span class='ocrx_word' id='word_1_395' title='bbox 1682 1539 1688 1545; x_wconf 97' lang='lat'>.</span> <span class='ocrx_word' id='word_1_396' title='bbox 1716 1512 1756 1546; x_wconf 86' lang='lat' dir='ltr'>in</span> 
     </span>
     <span class='ocr_line' id='line_1_64' title="bbox 1016 1557 1758 1595; baseline 0 -2"><span class='ocrx_word' id='word_1_397' title='bbox 1016 1559 1195 1593; x_wconf 81' lang='lat' dir='ltr'>diversum</span> <span class='ocrx_word' id='word_1_398' title='bbox 1211 1559 1446 1595; x_wconf 77' lang='lat' dir='ltr'>abstulerant.</span> <span class='ocrx_word' id='word_1_399' title='bbox 1468 1558 1537 1593; x_wconf 88' lang='lat' dir='ltr'>Die</span> <span class='ocrx_word' id='word_1_400' title='bbox 1549 1557 1758 1593; x_wconf 72' lang='lat' dir='ltr'>romischen</span> 
     </span>
     <span class='ocr_line' id='line_1_65' title="bbox 1018 1604 1760 1650; baseline 0 -10"><span class='ocrx_word' id='word_1_401' title='bbox 1018 1605 1282 1641; x_wconf 83' lang='lat' dir='ltr'>Schriftsteller</span> <span class='ocrx_word' id='word_1_402' title='bbox 1301 1604 1425 1640; x_wconf 87' lang='lat' dir='ltr'>lieben</span> <span class='ocrx_word' id='word_1_403' title='bbox 1445 1617 1492 1648; x_wconf 89' lang='lat' dir='ltr'>es,</span> <span class='ocrx_word' id='word_1_404' title='bbox 1514 1605 1573 1640; x_wconf 91' lang='lat' dir='ltr'>die</span> <span class='ocrx_word' id='word_1_405' title='bbox 1593 1606 1760 1650; x_wconf 85' lang='lat' dir='ltr'>Rettung</span> 
     </span>
     <span class='ocr_line' id='line_1_66' title="bbox 1017 1652 1759 1697; baseline -0.001 -9"><span class='ocrx_word' id='word_1_406' title='bbox 1017 1653 1129 1688; x_wconf 90' lang='lat' dir='ltr'>Roms</span> <span class='ocrx_word' id='word_1_407' title='bbox 1157 1652 1257 1687; x_wconf 86' lang='lat' dir='ltr'>einer</span> <span class='ocrx_word' id='word_1_408' title='bbox 1282 1653 1491 1697; x_wconf 75' lang='lat' dir='ltr'>gottlichen</span> <span class='ocrx_word' id='word_1_409' title='bbox 1515 1652 1759 1697; x_wconf 84' lang='lat' dir='ltr'>Einwirkung</span> 
     </span>
     <span class='ocr_line' id='line_1_67' title="bbox 1017 1699 1754 1745; baseline 0 -11"><span class='ocrx_word' id='word_1_410' title='bbox 1017 1699 1092 1734; x_wconf 89' lang='lat' dir='ltr'>und</span> <span class='ocrx_word' id='word_1_411' title='bbox 1141 1699 1256 1734; x_wconf 80' lang='lat' dir='ltr'>durch</span> <span class='ocrx_word' id='word_1_412' title='bbox 1300 1699 1352 1734; x_wconf 90' lang='lat' dir='ltr'>sie</span> <span class='ocrx_word' id='word_1_413' title='bbox 1394 1699 1754 1745; x_wconf 84' lang='lat' dir='ltr'>hervorgebrachten</span> 
     </span>
     <span class='ocr_line' id='line_1_68' title="bbox 1018 1746 1697 1791; baseline 0.001 -10"><span class='ocrx_word' id='word_1_414' title='bbox 1018 1746 1284 1791; x_wconf 88' lang='lat' dir='ltr'>Verblendung</span> <span class='ocrx_word' id='word_1_415' title='bbox 1312 1746 1373 1782; x_wconf 86' lang='lat' dir='ltr'>Hs.</span> <span class='ocrx_word' id='word_1_416' title='bbox 1401 1746 1697 1782; x_wconf 88' lang='lat' dir='ltr'>zuzuschreiben.</span> 
     </span>
    </p>
   </div>
   <div class='ocr_carea' id='block_1_15' title="bbox 1016 1816 1760 2370">
    <p class='ocr_par' dir='ltr' id='par_1_19' title="bbox 1016 1816 1760 2370">
     <span class='ocr_line' id='line_1_69' title="bbox 1066 1816 1755 1863; baseline -0.001 -11"><span class='ocrx_word' id='word_1_417' title='bbox 1066 1821 1096 1852; x_wconf 87' lang='lat'>5.</span> <span class='ocrx_word' id='word_1_418' title='bbox 1117 1817 1263 1863; x_wconf 83' lang='lat' dir='ltr'>sederet]</span> <span class='ocrx_word' id='word_1_419' title='bbox 1289 1817 1480 1852; x_wconf 72' lang='lat' dir='ltr'>‘wahrend</span> <span class='ocrx_word' id='word_1_420' title='bbox 1500 1828 1538 1852; x_wconf 85' lang='lat' dir='ltr'>er</span> <span class='ocrx_word' id='word_1_421' title='bbox 1557 1817 1635 1851; x_wconf 84' lang='lat' dir='ltr'>still</span> <span class='ocrx_word' id='word_1_422' title='bbox 1648 1816 1755 1851; x_wconf 81' lang='lat' dir='ltr'>s&#39;asse’</span> 
     </span>
     <span class='ocr_line' id='line_1_70' title="bbox 1016 1863 1758 1909; baseline -0.003 -10"><span class='ocrx_word' id='word_1_423' title='bbox 1016 1865 1086 1899; x_wconf 86' lang='lat' dir='ltr'>mit</span> <span class='ocrx_word' id='word_1_424' title='bbox 1100 1865 1184 1899; x_wconf 90' lang='lat' dir='ltr'>dem</span> <span class='ocrx_word' id='word_1_425' title='bbox 1203 1864 1470 1909; x_wconf 86' lang='lat' dir='ltr'>Nebenbegriff</span> <span class='ocrx_word' id='word_1_426' title='bbox 1483 1864 1548 1898; x_wconf 89' lang='lat' dir='ltr'>der</span> <span class='ocrx_word' id='word_1_427' title='bbox 1561 1863 1758 1908; x_wconf 71' lang='lat' dir='ltr'>Unthatig—</span> 
     </span>
     <span class='ocr_line' id='line_1_71' title="bbox 1017 1911 1758 1956; baseline -0.001 -10"><span class='ocrx_word' id='word_1_428' title='bbox 1017 1912 1105 1954; x_wconf 87' lang='lat' dir='ltr'>keit,</span> <span class='ocrx_word' id='word_1_429' title='bbox 1127 1923 1166 1946; x_wconf 91' lang='lat' dir='ltr'>so</span> <span class='ocrx_word' id='word_1_430' title='bbox 1186 1911 1267 1946; x_wconf 80' lang='lat' dir='ltr'>dass</span> <span class='ocrx_word' id='word_1_431' title='bbox 1281 1911 1332 1945; x_wconf 90' lang='lat' dir='ltr'>im</span> <span class='ocrx_word' id='word_1_432' title='bbox 1347 1911 1553 1956; x_wconf 84' lang='lat' dir='ltr'>Gegensatz</span> <span class='ocrx_word' id='word_1_433' title='bbox 1573 1911 1758 1955; x_wconf 80' lang='lat' dir='ltr'>dazupro-</span> 
     </span>
     <span class='ocr_line' id='line_1_72' title="bbox 1016 1957 1759 2002; baseline -0.001 -9"><span class='ocrx_word' id='word_1_434' title='bbox 1016 1959 1124 2002; x_wconf 74' lang='lat' dir='ltr'>sectos</span> <span class='ocrx_word' id='word_1_435' title='bbox 1149 1971 1212 1993; x_wconf 89' lang='lat' dir='ltr'>um</span> <span class='ocrx_word' id='word_1_436' title='bbox 1238 1969 1278 1993; x_wconf 88' lang='lat' dir='ltr'>so</span> <span class='ocrx_word' id='word_1_437' title='bbox 1298 1958 1402 1993; x_wconf 87' lang='lat' dir='ltr'>mehr</span> <span class='ocrx_word' id='word_1_438' title='bbox 1427 1957 1653 1992; x_wconf 86' lang='lat' dir='ltr'>hervortritt.</span> <span class='ocrx_word' id='word_1_439' title='bbox 1711 1957 1759 1992; x_wconf 86' lang='lat' dir='ltr'>So</span> 
     </span>
     <span class='ocr_line' id='line_1_73' title="bbox 1017 2005 1760 2050; baseline -0.001 -10"><span class='ocrx_word' id='word_1_440' title='bbox 1017 2006 1066 2040; x_wconf 84' lang='lat' dir='ltr'>ist</span> <span class='ocrx_word' id='word_1_441' title='bbox 1100 2006 1200 2040; x_wconf 83' lang='lat' dir='ltr'>sedeo</span> <span class='ocrx_word' id='word_1_442' title='bbox 1233 2005 1309 2040; x_wconf 88' lang='lat' dir='ltr'>und</span> <span class='ocrx_word' id='word_1_443' title='bbox 1345 2006 1491 2040; x_wconf 80' lang='lat' dir='ltr'>adsideo</span> <span class='ocrx_word' id='word_1_444' title='bbox 1528 2005 1654 2050; x_wconf 68' lang='lat' dir='ltr'>haufig</span> <span class='ocrx_word' id='word_1_445' title='bbox 1687 2015 1760 2039; x_wconf 84' lang='lat' dir='ltr'>von</span> 
     </span>
     <span class='ocr_line' id='line_1_74' title="bbox 1016 2052 1759 2096; baseline 0 -10"><span class='ocrx_word' id='word_1_446' title='bbox 1016 2052 1226 2095; x_wconf 70' lang='lat' dir='ltr'>nachlassig</span> <span class='ocrx_word' id='word_1_447' title='bbox 1262 2052 1500 2087; x_wconf 90' lang='lat' dir='ltr'>betriebenen</span> <span class='ocrx_word' id='word_1_448' title='bbox 1538 2052 1759 2096; x_wconf 86' lang='lat' dir='ltr'>Belagerun-</span> 
     </span>
     <span class='ocr_line' id='line_1_75' title="bbox 1017 2099 1760 2144; baseline -0.001 -10"><span class='ocrx_word' id='word_1_449' title='bbox 1017 2110 1098 2144; x_wconf 87' lang='lat' dir='ltr'>gen.</span> <span class='ocrx_word' id='word_1_450' title='bbox 1126 2110 1155 2134; x_wconf 89' lang='lat' dir='ltr'>c.</span> <span class='ocrx_word' id='word_1_451' title='bbox 1182 2103 1238 2142; x_wconf 85' lang='lat'>37,</span> <span class='ocrx_word' id='word_1_452' title='bbox 1267 2104 1284 2133; x_wconf 84' lang='lat'>7</span> <span class='ocrx_word' id='word_1_453' title='bbox 1311 2102 1352 2133; x_wconf 79' lang='lat' dir='ltr'>ut</span> <span class='ocrx_word' id='word_1_454' title='bbox 1375 2099 1578 2134; x_wconf 79' lang='lat' dir='ltr'>sedentibus</span> <span class='ocrx_word' id='word_1_455' title='bbox 1602 2099 1692 2143; x_wconf 82' lang='lat' dir='ltr'>ipsis</span> <span class='ocrx_word' id='word_1_456' title='bbox 1711 2099 1760 2133; x_wconf 88' lang='lat' dir='ltr'>ad</span> 
     </span>
     <span class='ocr_line' id='line_1_76' title="bbox 1017 2146 1760 2190; baseline -0.001 -9"><span class='ocrx_word' id='word_1_457' title='bbox 1017 2146 1186 2181; x_wconf 86' lang='lat' dir='ltr'>Romana</span> <span class='ocrx_word' id='word_1_458' title='bbox 1205 2147 1345 2181; x_wconf 80' lang='lat' dir='ltr'>moenia</span> <span class='ocrx_word' id='word_1_459' title='bbox 1365 2147 1442 2180; x_wconf 82' lang='lat' dir='ltr'>alia</span> <span class='ocrx_word' id='word_1_460' title='bbox 1454 2149 1567 2190; x_wconf 84' lang='lat' dir='ltr'>porta</span> <span class='ocrx_word' id='word_1_461' title='bbox 1584 2147 1760 2180; x_wconf 72' lang='lat' dir='ltr'>eaeercitus</span> 
     </span>
     <span class='ocr_line' id='line_1_77' title="bbox 1016 2193 1757 2237; baseline -0.003 -8"><span class='ocrx_word' id='word_1_462' title='bbox 1016 2193 1205 2229; x_wconf 81' lang='lat' dir='ltr'>Romanus</span> <span class='ocrx_word' id='word_1_463' title='bbox 1236 2195 1278 2228; x_wconf 81' lang='lat' dir='ltr'>in</span> <span class='ocrx_word' id='word_1_464' title='bbox 1304 2193 1530 2237; x_wconf 84' lang='lat' dir='ltr'>Hispaniam</span> <span class='ocrx_word' id='word_1_465' title='bbox 1560 2193 1757 2228; x_wconf 80' lang='lat' dir='ltr'>duceretur.</span> 
     </span>
     <span class='ocr_line' id='line_1_78' title="bbox 1018 2240 1759 2284; baseline -0.003 -8"><span class='ocrx_word' id='word_1_466' title='bbox 1018 2252 1045 2276; x_wconf 88' lang='lat' dir='ltr'>c.</span> <span class='ocrx_word' id='word_1_467' title='bbox 1068 2245 1123 2282; x_wconf 89' lang='grc'>20,</span> <span class='ocrx_word' id='word_1_468' title='bbox 1142 2244 1162 2275; x_wconf 89' lang='grc'>8</span> <span class='ocrx_word' id='word_1_469' title='bbox 1189 2241 1344 2276; x_wconf 79' lang='lat' dir='ltr'>adsideo.</span> <span class='ocrx_word' id='word_1_470' title='bbox 1372 2240 1432 2282; x_wconf 86' lang='lat'>22,</span> <span class='ocrx_word' id='word_1_471' title='bbox 1459 2244 1513 2284; x_wconf 84' lang='lat'>14,</span> <span class='ocrx_word' id='word_1_472' title='bbox 1542 2244 1585 2274; x_wconf 90' lang='grc'>14</span> <span class='ocrx_word' id='word_1_473' title='bbox 1609 2240 1759 2274; x_wconf 83' lang='lat' dir='ltr'>sedendo</span> 
     </span>
     <span class='ocr_line' id='line_1_79' title="bbox 1017 2287 1759 2332; baseline -0.001 -10"><span class='ocrx_word' id='word_1_474' title='bbox 1017 2288 1196 2322; x_wconf 79' lang='lat' dir='ltr'>debellari.</span> <span class='ocrx_word' id='word_1_475' title='bbox 1248 2287 1308 2331; x_wconf 91' lang='grc'>21,</span> <span class='ocrx_word' id='word_1_476' title='bbox 1337 2291 1392 2331; x_wconf 86' lang='grc'>25,</span> <span class='ocrx_word' id='word_1_477' title='bbox 1421 2292 1441 2322; x_wconf 86' lang='grc'><strong>6</strong></span> <span class='ocrx_word' id='word_1_478' title='bbox 1467 2288 1586 2332; x_wconf 68' lang='lat' dir='ltr'>scynis</span> <span class='ocrx_word' id='word_1_479' title='bbox 1610 2287 1759 2322; x_wconf 80' lang='lat' dir='ltr'>intactis</span> 
     </span>
     <span class='ocr_line' id='line_1_80' title="bbox 1018 2335 1286 2370; baseline -0.007 0"><span class='ocrx_word' id='word_1_480' title='bbox 1018 2336 1135 2370; x_wconf 80' lang='lat' dir='ltr'>adsicl.</span> <span class='ocrx_word' id='word_1_481' title='bbox 1162 2335 1286 2369; x_wconf 81' lang='lat' dir='ltr'>muris.</span> 
     </span>
    </p>
   </div>
   <div class='ocr_carea' id='block_1_16' title="bbox 1015 2403 1760 2592">
    <p class='ocr_par' dir='ltr' id='par_1_20' title="bbox 1015 2403 1760 2592">
     <span class='ocr_line' id='line_1_81' title="bbox 1063 2403 1760 2451; baseline -0.001 -11"><span class='ocrx_word' id='word_1_482' title='bbox 1063 2406 1129 2440; x_wconf 83' lang='lat' dir='ltr'>sub</span> <span class='ocrx_word' id='word_1_483' title='bbox 1161 2405 1319 2451; x_wconf 76' lang='lat' dir='ltr'>vexillis]</span> <span class='ocrx_word' id='word_1_484' title='bbox 1352 2405 1544 2449; x_wconf 85' lang='lat' dir='ltr'>Truppen,</span> <span class='ocrx_word' id='word_1_485' title='bbox 1572 2403 1760 2439; x_wconf 86' lang='lat' dir='ltr'>die-nicht</span> 
     </span>
     <span class='ocr_line' id='line_1_82' title="bbox 1017 2451 1756 2496; baseline -0.004 -8"><span class='ocrx_word' id='word_1_486' title='bbox 1017 2453 1102 2488; x_wconf 90' lang='lat' dir='ltr'>dem</span> <span class='ocrx_word' id='word_1_487' title='bbox 1127 2452 1322 2488; x_wconf 85' lang='lat' dir='ltr'>Verbande</span> <span class='ocrx_word' id='word_1_488' title='bbox 1355 2451 1455 2487; x_wconf 89' lang='lat' dir='ltr'>einer</span> <span class='ocrx_word' id='word_1_489' title='bbox 1480 2451 1620 2496; x_wconf 87' lang='lat' dir='ltr'>Legion</span> <span class='ocrx_word' id='word_1_490' title='bbox 1646 2462 1756 2495; x_wconf 88' lang='lat' dir='ltr'>ange-</span> 
     </span>
     <span class='ocr_line' id='line_1_83' title="bbox 1015 2498 1760 2554; baseline -0.004 -19"><span class='ocrx_word' id='word_1_491' title='bbox 1015 2500 1143 2554; x_wconf 75' lang='lat' dir='ltr'>horen,</span> <span class='ocrx_word' id='word_1_492' title='bbox 1157 2499 1404 2535; x_wconf 83' lang='lat' dir='ltr'>marschieren</span> <span class='ocrx_word' id='word_1_493' title='bbox 1417 2499 1481 2534; x_wconf 73' lang='lat' dir='ltr'>sub</span> <span class='ocrx_word' id='word_1_494' title='bbox 1493 2499 1646 2541; x_wconf 72' lang='lat' dir='ltr'>vexillis,</span> <span class='ocrx_word' id='word_1_495' title='bbox 1656 2498 1760 2533; x_wconf 87' lang='lat' dir='ltr'>nicht</span> 
     </span>
     <span class='ocr_line' id='line_1_84' title="bbox 1017 2547 1232 2592; baseline 0 -10"><span class='ocrx_word' id='word_1_496' title='bbox 1017 2548 1082 2582; x_wconf 76' lang='lat' dir='ltr'>sub</span> <span class='ocrx_word' id='word_1_497' title='bbox 1107 2547 1232 2592; x_wconf 70' lang='lat' dir='ltr'>siqnis</span> 
     </span>
    </p>
   </div>
   <div class='ocr_carea' id='block_1_17' title="bbox 1016 2615 1759 2989">
    <p class='ocr_par' dir='ltr' id='par_1_21' title="bbox 1016 2615 1759 2989">
     <span class='ocr_line' id='line_1_85' title="bbox 1065 2615 1759 2662; baseline -0.003 -11"><span class='ocrx_word' id='word_1_498' title='bbox 1065 2619 1106 2652; x_wconf 82' lang='lat' dir='ltr'>in</span> <span class='ocrx_word' id='word_1_499' title='bbox 1130 2616 1426 2662; x_wconf 75' lang='lat' dir='ltr'>supplementum]</span> <span class='ocrx_word' id='word_1_500' title='bbox 1453 2629 1534 2651; x_wconf 91' lang='lat' dir='ltr'>zum</span> <span class='ocrx_word' id='word_1_501' title='bbox 1554 2615 1681 2650; x_wconf 83' lang='lat' dir='ltr'>Ersatz</span> <span class='ocrx_word' id='word_1_502' title='bbox 1700 2615 1759 2649; x_wconf 71' lang='lat' dir='ltr'>fiir</span> 
     </span>
     <span class='ocr_line' id='line_1_86' title="bbox 1019 2663 1757 2709; baseline -0.006 -10"><span class='ocrx_word' id='word_1_503' title='bbox 1019 2664 1197 2709; x_wconf 73' lang='lat' dir='ltr'>Spanjen,</span> <span class='ocrx_word' id='word_1_504' title='bbox 1237 2675 1275 2699; x_wconf 89' lang='lat' dir='ltr'>so</span> <span class='ocrx_word' id='word_1_505' title='bbox 1308 2663 1388 2698; x_wconf 83' lang='lat' dir='ltr'>dass</span> <span class='ocrx_word' id='word_1_506' title='bbox 1414 2665 1455 2698; x_wconf 86' lang='lat' dir='ltr'>in</span> <span class='ocrx_word' id='word_1_507' title='bbox 1486 2664 1605 2698; x_wconf 88' lang='lat' dir='ltr'>einem</span> <span class='ocrx_word' id='word_1_508' title='bbox 1636 2663 1757 2696; x_wconf 85' lang='lat' dir='ltr'>Final-</span> 
     </span>
     <span class='ocr_line' id='line_1_87' title="bbox 1018 2709 1758 2763; baseline -0.003 -18"><span class='ocrx_word' id='word_1_509' title='bbox 1018 2713 1118 2746; x_wconf 84' lang='lat' dir='ltr'>satze</span> <span class='ocrx_word' id='word_1_510' title='bbox 1162 2712 1201 2745; x_wconf 87' lang='lat' dir='ltr'>in</span> <span class='ocrx_word' id='word_1_511' title='bbox 1245 2710 1363 2745; x_wconf 89' lang='lat' dir='ltr'>seiner</span> <span class='ocrx_word' id='word_1_512' title='bbox 1407 2711 1626 2763; x_wconf 80' lang='lat' dir='ltr'>Bedeutung</span> <span class='ocrx_word' id='word_1_513' title='bbox 1661 2709 1758 2743; x_wconf 88' lang='lat' dir='ltr'>nahe</span> 
     </span>
     <span class='ocr_line' id='line_1_88' title="bbox 1018 2756 1758 2800; baseline -0.003 -9"><span class='ocrx_word' id='word_1_514' title='bbox 1018 2757 1174 2800; x_wconf 82' lang='lat' dir='ltr'>kommt,</span> <span class='ocrx_word' id='word_1_515' title='bbox 1207 2774 1251 2786; x_wconf 93' lang='lat'>=</span> <span class='ocrx_word' id='word_1_516' title='bbox 1289 2757 1408 2792; x_wconf 87' lang='lat' dir='ltr'>damit</span> <span class='ocrx_word' id='word_1_517' title='bbox 1444 2757 1496 2791; x_wconf 80' lang='lat' dir='ltr'>sie</span> <span class='ocrx_word' id='word_1_518' title='bbox 1534 2756 1593 2791; x_wconf 87' lang='lat' dir='ltr'>ein</span> <span class='ocrx_word' id='word_1_519' title='bbox 1631 2756 1758 2790; x_wconf 79' lang='lat' dir='ltr'>Ersatz</span> 
     </span>
     <span class='ocr_line' id='line_1_89' title="bbox 1018 2803 1757 2848; baseline -0.001 -10"><span class='ocrx_word' id='word_1_520' title='bbox 1018 2807 1163 2846; x_wconf 67' lang='lat' dir='ltr'>waren3</span> <span class='ocrx_word' id='word_1_521' title='bbox 1203 2804 1261 2838; x_wconf 89' lang='lat' dir='ltr'>ein</span> <span class='ocrx_word' id='word_1_522' title='bbox 1293 2803 1377 2838; x_wconf 86' lang='lat' dir='ltr'>sehr</span> <span class='ocrx_word' id='word_1_523' title='bbox 1409 2803 1574 2847; x_wconf 68' lang='lat' dir='ltr'>haufiger</span> <span class='ocrx_word' id='word_1_524' title='bbox 1600 2803 1757 2848; x_wconf 82' lang='lat' dir='ltr'>Sprach-</span> 
     </span>
     <span class='ocr_line' id='line_1_90' title="bbox 1018 2850 1758 2896; baseline -0.001 -11"><span class='ocrx_word' id='word_1_525' title='bbox 1018 2850 1205 2896; x_wconf 86' lang='lat' dir='ltr'>gebrauch</span> <span class='ocrx_word' id='word_1_526' title='bbox 1231 2850 1294 2885; x_wconf 80' lang='lat' dir='ltr'>des</span> <span class='ocrx_word' id='word_1_527' title='bbox 1314 2850 1393 2884; x_wconf 87' lang='lat' dir='ltr'>Liv.</span> <span class='ocrx_word' id='word_1_528' title='bbox 1415 2861 1443 2884; x_wconf 90' lang='lat' dir='ltr'>c.</span> <span class='ocrx_word' id='word_1_529' title='bbox 1465 2853 1521 2893; x_wconf 88' lang='lat'>24,</span> <span class='ocrx_word' id='word_1_530' title='bbox 1543 2853 1563 2884; x_wconf 88' lang='grc'>2</span> <span class='ocrx_word' id='word_1_531' title='bbox 1590 2851 1630 2884; x_wconf 81' lang='lat' dir='ltr'>in</span> <span class='ocrx_word' id='word_1_532' title='bbox 1654 2850 1758 2893; x_wconf 68' lang='lat' dir='ltr'>fidem</span> 
     </span>
     <span class='ocr_line' id='line_1_91' title="bbox 1019 2896 1759 2943; baseline -0.001 -11"><span class='ocrx_word' id='word_1_533' title='bbox 1019 2914 1063 2927; x_wconf 89' lang='lat'>=</span> <span class='ocrx_word' id='word_1_534' title='bbox 1089 2910 1150 2932; x_wconf 90' lang='lat' dir='ltr'>um</span> <span class='ocrx_word' id='word_1_535' title='bbox 1182 2896 1350 2932; x_wconf 87' lang='lat' dir='ltr'>Glauben</span> <span class='ocrx_word' id='word_1_536' title='bbox 1386 2908 1429 2943; x_wconf 58' lang='grc' dir='ltr'>ιιι</span> <span class='ocrx_word' id='word_1_537' title='bbox 1468 2897 1675 2940; x_wconf 83' lang='lat' dir='ltr'>erwecken,</span> <span class='ocrx_word' id='word_1_538' title='bbox 1717 2900 1759 2931; x_wconf 83' lang='lat' dir='ltr'>ut</span> 
     </span>
     <span class='ocr_line' id='line_1_92' title="bbox 1016 2945 1757 2989; baseline -0.001 -9"><span class='ocrx_word' id='word_1_539' title='bbox 1016 2946 1121 2988; x_wconf 71' lang='lat' dir='ltr'>fidem</span> <span class='ocrx_word' id='word_1_540' title='bbox 1145 2945 1287 2988; x_wconf 75' lang='lat' dir='ltr'>faceret.</span> <span class='ocrx_word' id='word_1_541' title='bbox 1314 2956 1341 2980; x_wconf 80' lang='lat' dir='ltr'>e.</span> <span class='ocrx_word' id='word_1_542' title='bbox 1370 2948 1432 2989; x_wconf 85' lang='grc'>29,</span> <span class='ocrx_word' id='word_1_543' title='bbox 1466 2948 1509 2979; x_wconf 91' lang='grc'>10</span> <span class='ocrx_word' id='word_1_544' title='bbox 1540 2945 1581 2979; x_wconf 89' lang='lat' dir='ltr'>in</span> <span class='ocrx_word' id='word_1_545' title='bbox 1606 2945 1757 2979; x_wconf 77' lang='lat' dir='ltr'>laudem.</span> 
     </span>
    </p>
   </div>
  </div>
 </body>
</html>
