2000 3338
246 255 267 286 9

221 544 264 575 10

221 603 261 632 11

219 893 262 923 12

219 1067 262 1098 13

219 1184 262 1214 14

218 1417 260 1448 15

795 134 940 170 LIBER
963 134 1094 171 XXVI.
1144 134 1247 168 CAP.
1273 138 1305 170 5.
1686 152 1711 170 a.
1730 151 1759 170 u.
1779 145 1840 171 543.

295 136 350 178 10

295 243 392 285 ciali
435 243 626 297 equitatu
670 240 864 281 constitit
906 254 928 280 e
964 240 1138 294 regione
1174 239 1378 281 Vulturni
1415 242 1567 283 amnis.
1632 241 1842 295 proelium

291 316 379 344 non
405 301 535 342 solito
561 298 688 340 modo
715 298 899 339 clamore
925 311 973 338 ac
998 297 1185 338 tumultu
1210 300 1277 338 est
1301 300 1510 352 coeptum,
1536 300 1609 341 sed
1636 300 1689 341 ad
1710 300 1841 341 alium

291 359 491 410 virorum,
523 371 729 411 equorum
754 369 1054 409 armorumque
1080 369 1232 396 sonum
1257 355 1466 410 disposita
1490 357 1537 398 in
1560 358 1690 399 muris
1717 356 1841 400 Cam-

293 429 502 469 panorum
533 414 721 456 imbellis
754 413 983 455 multitudo
1014 417 1185 454 tantum
1217 428 1313 454 eum
1345 413 1455 454 aeris
1487 416 1667 469 crepitu,
1700 416 1840 470 qualis

291 474 335 514 in
368 473 534 514 defectu
565 473 692 514 lunae
725 472 868 513 silenti
899 474 1024 514 nocte
1056 471 1157 513 cieri
1190 472 1322 524 solet,
1354 471 1487 512 edidit
1517 472 1762 528 clamorem,
1793 476 1842 515 ut

291 533 502 572 averteret
532 531 663 573 etiam
693 531 979 586 pugnantium
1012 530 1188 571 animos.
1250 528 1492 583 Campanos
1523 529 1648 571 facile
1674 546 1700 572 a
1723 532 1840 574 vallo

291 588 455 643 Appius
488 590 677 643 arcebat3
719 589 857 631 maior
886 589 952 630 vis
986 589 1038 629 ab
1072 589 1207 630 altera
1237 590 1358 642 parte
1390 587 1590 629 Fulvium
1621 587 1841 632 Hannibal

291 650 333 688 et
351 648 484 689 Poeni
509 648 734 702 urgebant.
784 647 898 702 legio
924 647 984 688 ibi
1010 649 1130 688 sexta
1156 647 1250 688 loco
1278 646 1417 699 cessit,
1443 661 1527 700 qua
1545 646 1670 700 pulsa
1689 647 1840 690 cohors

289 705 581 760 Hispanorum
613 721 709 747 cum
745 706 882 746 tribus
916 705 1152 759 elephantis
1185 719 1316 759 usque
1358 704 1412 745 ad
1449 704 1611 745 vallum
1641 706 1842 760 pervasit,

288 767 544 819 ruperatque
588 764 772 805 mediam
811 763 945 805 aciem
981 763 1274 805 Romanorum
1312 766 1355 804 et
1393 763 1437 803 in
1476 762 1654 817 ancipiti
1686 777 1762 817 spe
1792 777 1842 805 ac

289 823 477 876 periculo
511 825 619 876 erat,
656 825 801 862 utrum
831 822 876 862 in
907 823 1048 863 castra
1078 823 1373 876 perrumperet
1404 836 1459 862 an
1490 821 1843 863 intercluderetur

290 895 314 921 a
346 881 446 922 suis.
508 895 633 935 quem
664 894 868 934 pavorem
899 879 1080 935 legionis
1111 880 1435 934 periculumque
1472 883 1710 921 castrorum
1741 879 1842 921 Ful-

289 938 381 980 vius
413 939 487 980 ubi
517 938 635 992 vidit,
667 938 714 987 Q.
740 937 929 979 Navium
959 938 1250 992 primoresque
1281 938 1389 979 alios
1420 938 1719 979 centurionum
1743 937 1842 980 hor·

288 998 417 1051 tatur,
447 999 496 1038 ut
523 997 743 1039 cohortem
773 996 966 1038 hostium
998 996 1076 1037 sub
1102 996 1216 1038 vallo
1248 999 1514 1050 pugnantem
1539 996 1762 1038 invadant:
1796 997 1843 1038 in

290 1069 454 1096 summo
493 1055 738 1097 discrimine
776 1069 865 1096 rem
902 1054 1029 1109 verti3
1075 1056 1149 1095 aut
1184 1055 1298 1095 viam
1337 1053 1521 1095 dandam
1558 1054 1612 1095 iis
1649 1068 1757 1108 esse,
1801 1058 1844 1096 et

288 1114 451 1155 minore
484 1116 652 1167 conatu,
684 1128 811 1168 quam
843 1112 1100 1155 condensam
1132 1113 1267 1154 aciem
1291 1113 1521 1166 rupissent,
1551 1112 1597 1152 in
1623 1115 1764 1154 castra
1788 1113 1844 1154 ir-

288 1175 502 1225 rupturos,
541 1174 617 1213 aut
654 1171 942 1213 conficiendos
981 1171 1059 1212 sub
1097 1171 1208 1212 vallo
1250 1185 1353 1212 esse.
1414 1184 1493 1212 nec
1531 1171 1678 1224 magni
1710 1173 1843 1212 certa-

287 1230 414 1271 minis
446 1245 536 1271 rem
567 1230 677 1272 fore:
717 1244 876 1284 paucos
908 1244 1001 1271 esse
1033 1232 1076 1270 et
1116 1230 1169 1271 ab
1209 1230 1296 1270 suis
1327 1229 1605 1282 interclusos,
1644 1230 1686 1269 et
1724 1243 1845 1283 quae,

288 1288 387 1329 dum
430 1291 586 1355 paveat
628 1288 865 1342 Romanus,
907 1289 1150 1342 interrupta
1193 1288 1305 1329 acies
1336 1287 1542 1337 videatur,
1581 1301 1688 1341 eam,
1731 1287 1767 1328 si
1799 1301 1844 1329 se

288 1347 501 1400 utrimque
545 1348 590 1388 in
632 1347 805 1389 hostem
848 1349 1012 1400 vertat,
1056 1347 1233 1400 ancipiti
1272 1359 1419 1400 pugna
1461 1345 1623 1386 medios
1668 1345 1843 1387 circum-

288 1408 524 1446 venturam.
574 1405 738 1447 Navius
770 1405 844 1446 ubi
875 1406 981 1446 haec
1011 1405 1282 1470 imperatoris
1315 1404 1429 1446 dicta
1460 1404 1636 1457 accepit,
1667 1404 1844 1446 secundi

287 1462 447 1505 hastati
480 1464 652 1519 signum
685 1464 931 1518 ademptum
963 1463 1171 1518 signifero
1202 1463 1248 1504 in
1278 1463 1426 1504 hostes
1457 1462 1600 1515 infert,
1630 1462 1843 1504 iacturum

286 1522 331 1562 in
369 1522 532 1564 medios
577 1537 649 1564 eos
688 1523 912 1576 minitans,
949 1523 994 1563 ni
1032 1536 1076 1563 se
1115 1535 1294 1576 propere
1334 1524 1564 1575 sequantur
1604 1520 1762 1562 milites
1801 1523 1843 1562 et

1150 1662 1204 1694 12.
1235 1658 1430 1704 primores]
1467 1657 1526 1692 die
1557 1657 1842 1701 Vornehmsten,

334 1664 364 1694 9
392 1660 457 1706 acl]
484 1660 660 1705 hinzufiig
663 1660 732 1695 end
753 1675 797 1689 =
824 1660 960 1703 ausser3
987 1671 1026 1695 so

1100 1705 1364 1750 Vorkampfer;
1399 1705 1626 1739 namentlich
1650 1705 1690 1740 in
1718 1710 1746 1740 1.
1772 1705 1843 1740 De-

285 1707 334 1741 ad
359 1707 423 1741 hoe
448 1707 482 1751 6,
509 1711 564 1750 20,
592 1710 623 1742 8.
635 1672 700 1742 gad
725 1711 839 1742 cetera
864 1707 925 1750 30,

284 1770 330 1782 =
356 1753 477 1788 ausser
514 1754 598 1789 dem
630 1746 805 1799 Ubrigen.
837 1753 979 1798 43,10,
1007 1758 1026 1788 5

232 1834 236 1837 ,
283 1803 316 1835 et
341 1801 390 1835 ad
415 1801 613 1836 clamorem.

331 1858 411 1881 cum
445 1848 540 1882 aeris
564 1847 645 1893 stou]
680 1847 828 1882 Sowohl
855 1859 916 1882 um
944 1847 1028 1882 dem

282 1893 420 1928 Feinde
439 1893 511 1928 den
526 1894 715 1929 Eindruck
728 1894 828 1929 eines
839 1894 1028 1939 grosseren

282 1940 419 1975 Heeres
435 1952 479 1975 zu
493 1941 660 1983 machen,
669 1941 724 1975 als
732 1953 795 1975 um
803 1941 863 1976 die
872 1941 1027 1986 eigenen

283 1987 458 2032 Truppen
489 2000 533 2021 zu
564 1988 788 2032 ermutigen,
826 1987 1026 2032 beteiligen

282 2033 362 2068 sich
389 2033 449 2069 die
474 2035 625 2069 inermes
645 2034 756 2069 ofters
774 2035 813 2069 in
833 2034 1025 2069 {ihnlicher

281 2080 407 2115 Weise
433 2092 494 2115 am
519 2081 686 2125 Kampfe.
714 2081 774 2123 23,
804 2085 858 2124 16,
882 2085 934 2116 14.
962 2080 1023 2124 43,

283 2131 339 2171 10,
361 2131 380 2162 5
406 2128 533 2172 inqens
557 2128 728 2171 strepitus
755 2139 771 2162 e
789 2128 903 2162 mwrz's
923 2131 1024 2163 ortus

282 2175 506 2209 ululantium
542 2175 734 2209 mulierum
765 2185 846 2209 cum
884 2175 1023 2219 crepitu

281 2221 442 2265 undique
467 2221 572 2256 aeris.

332 2271 385 2302 10.
412 2278 533 2302 arcere
558 2267 596 2313 a]
629 2267 721 2302 wird
752 2267 925 2302 meistens
950 2278 1022 2302 von

281 2314 466 2349 Personen
491 2314 635 2359 gesagt,
672 2313 734 2349 bei
758 2314 1023 2359 {Ortsangaben

280 2361 382 2395 steht
406 2364 508 2395 sonet
534 2361 597 2395 der
616 2360 733 2395 blosse
756 2360 919 2396 Ablativ.

330 2412 345 2441 1
355 2412 384 2442 1.
411 2407 602 2453 uryebant]
620 2408 685 2442 das
699 2408 847 2443 Pradik.
862 2408 930 2442 hat
944 2408 1021 2442 sich

280 2454 330 2488 im
357 2454 541 2489 Numerus
567 2465 614 2488 an
640 2455 699 2489 die
720 2454 944 2499 Apposition
971 2454 1021 2489 H.

279 2504 311 2536 et
346 2501 462 2536 Poeni
499 2501 799 2547 angeschlossem
846 2501 906 2536 bei
941 2501 1020 2536 Liv.

280 2547 384 2582 nicht
409 2548 538 2582 selten.

327 2596 365 2628 in
402 2595 558 2638 ancipiti
582 2605 642 2638 spe
667 2605 710 2629 ac
730 2594 909 2641 periculo]
948 2595 1016 2629 ‘sie

280 2641 520 2676 schwankten
555 2641 734 2676 zwischen
772 2642 910 2676 Furcht
947 2642 1022 2676 und

280 2688 504 2733 Hoffnung’3
530 2699 602 2724 von
627 2689 711 2723 dem
738 2688 856 2723 11181111
882 2688 1020 2733 liegen-

280 2735 351 2769 den
373 2735 513 2780 Begriff
530 2735 594 2771 der
615 2735 885 2780 Ungewissheit
905 2736 1022 2781 hangt

280 2781 339 2816 die
354 2782 605 2827 Doppelfrage
624 2786 695 2817 uir.
723 2794 771 2817 an
792 2783 852 2826 ab,
877 2783 914 2817 in
936 2783 1021 2817 wel-

280 2828 366 2862 cher
391 2833 514 2863 utrum
539 2829 610 2863 den
630 2829 754 2864 Inhalt
773 2829 837 2864 der
862 2840 951 2873 spes,
972 2840 1021 2863 an

279 2874 349 2908 den
377 2875 440 2909 des
462 2877 665 2919 periculum
692 2875 866 2912 einfiihrt.

1100 1753 1196 1787 kade
1222 1752 1363 1796 haufig;
1388 1752 1565 1795 primores
1591 1753 1843 1787 centurionum

1100 1800 1216 1834 findet
1254 1798 1332 1833 sich
1368 1798 1430 1833 bei
1460 1798 1538 1833 Liv.
1571 1811 1640 1833 nur
1670 1799 1769 1842 hier;
1796 1815 1841 1828 =

1095 1847 1299 1891 primorum
1313 1846 1483 1880 ordinum
1497 1846 1732 1890 centuriones,
1752 1845 1843 1881 oder

1102 1893 1176 1937 (30,
1203 1897 1235 1936 4,
1265 1894 1310 1936 1.)
1331 1893 1472 1936 primos
1497 1893 1650 1928 ordines.

1149 1967 1202 1998 13.
1229 1963 1270 1996 in
1295 1962 1504 1997 discrimine
1528 1973 1601 1997 rem
1625 1963 1731 2006 verti]
1771 1962 1841 1998 Die

1098 2010 1198 2055 Lage
1219 2009 1272 2044 sei
1291 2009 1427 2044 hochst
1440 2009 1659 2054 gefahrlich,
1673 2009 1839 2045 kritisch.

1096 2057 1233 2101 Haufig
1246 2056 1295 2090 ist
1305 2056 1458 2090 vertitur
1471 2056 1613 2100 aliquid
1627 2072 1670 2084 =
1686 2066 1724 2091 es
1740 2056 1840 2090 steht

1097 2105 1211 2138 etwas
1232 2102 1300 2137 auf
1316 2103 1398 2136 dem
1414 2101 1553 2146 Spiele;
1575 2101 1634 2136 die
1655 2102 1840 2137 entsehei-

1096 2150 1214 2184 dende
1235 2149 1434 2193 Wendung
1459 2149 1575 2183 selbst
1599 2148 1720 2191 (disc.)
1739 2149 1840 2184 steht

1096 2196 1206 2231 dabei
1219 2196 1270 2230 im
1285 2195 1447 2230 Ablativ.
1465 2193 1524 2238 23,
1540 2199 1595 2238 29,
1618 2199 1636 2229 7
1648 2196 1742 2230 velut
1761 2197 1839 2240 qui-

1096 2244 1161 2278 bus
1174 2243 1312 2277 reditus
1328 2269 1334 2275 .
1352 2270 1358 2276 .
1376 2271 1383 2277 .
1400 2270 1406 2276 .
1422 2252 1460 2276 eo
1473 2243 1839 2287 discriminepuynae

1094 2293 1304 2331 verteretur3
1343 2288 1402 2331 30,
1435 2292 1478 2323 31
1490 2317 1497 2330 ,
1534 2293 1550 2322 1
1579 2289 1632 2323 ibi
1663 2299 1838 2324 summam

1095 2348 1213 2372 rerum
1241 2337 1390 2380 bellique
1414 2336 1505 2370 verti
1530 2335 1730 2370 cernebant.

1142 2405 1356 2451 condensus]
1379 2422 1422 2434 =
1443 2406 1583 2447 densus.
1611 2406 1698 2441 Dies
1723 2406 1837 2442 Kom-

1095 2454 1258 2498 positum
1296 2464 1368 2487 von
1405 2453 1536 2487 densus
1569 2452 1618 2487 ist
1655 2453 1693 2487 in
1730 2456 1838 2498 guter

1095 2501 1209 2535 Prosa
1250 2499 1339 2543 (Cic.
1379 2499 1458 2534 cas.
1493 2499 1580 2534 Sall.
1616 2499 1715 2535 Curt.
1748 2499 1835 2535 Tac.

1095 2548 1195 2582 Suet.
1229 2547 1367 2591 Nepos)
1403 2545 1614 2591 gemieden3
1653 2557 1691 2581 es
1721 2546 1837 2581 findet

1093 2594 1170 2629 sich
1197 2594 1257 2628 bei
1276 2593 1455 2628 Dichtern
1476 2593 1595 2637 (Lucr.
1618 2592 1741 2637 Verg.)
1762 2593 1836 2628 und

1093 2641 1340 2676 vereiuzelten
1355 2639 1587 2675 Historikern
1604 2640 1699 2681 (bell.
1714 2640 1834 2682 Afric.

1094 2688 1284 2731 Sisemza);
1317 2687 1439 2722 davon
1464 2685 1667 2730 abgeleitet
1691 2686 1834 2722 (lichte—

1094 2734 1189 2770 risch
1200 2735 1417 2770 condensam
1431 2749 1475 2762 =
1489 2733 1657 2774 densare;
1677 2732 1738 2768 frz.
1754 2745 1835 2768 nur

1093 2783 1295 2817 comlenser.
1345 2779 1413 2814 Die
1442 2779 1570 2821 Sache,
1597 2779 1665 2814 mit
1691 2779 1755 2814 der
1780 2781 1834 2815 et·

1094 2839 1168 2862 was
1195 2827 1300 2862 dicht
1324 2827 1466 2861 besetzt
1485 2826 1545 2868 ist,
1570 2826 1671 2861 steht
1689 2826 1739 2860 im
1762 2826 1834 2861 Ab·

1094 2874 1186 2909 lativ
1213 2874 1273 2917 ⁴25,
1295 2878 1350 2913 39,
1376 2879 1390 2908 1
1426 2873 1605 2908 condensa
1630 2874 1833 2909 arboribus.
