2000 3338
84 218 90 222 .
128 202 160 220 a.
184 194 250 220 Chr.
271 202 299 220 n.
321 195 382 220 210.

607 184 752 220 LIBER
775 184 904 220 XXVI.
955 184 1054 221 CAP.
1082 188 1137 219 41.
1164 188 1219 220 42.
1635 185 1688 225 91

132 294 325 334 nostram
357 291 484 333 fidem
515 305 590 346 per
620 292 788 347 legatos
820 292 1070 346 implorant;
1108 294 1195 333 tres
1228 291 1353 332 duces
1385 291 1689 345 discordantes,

129 364 264 405 prope
290 352 337 391 ut
361 349 594 392 defecerint
614 351 687 392 alii
714 350 766 391 ab
791 350 900 404 aliis,
925 350 1137 392 trifariam
1164 349 1396 390 exercitum
1421 349 1466 390 in
1491 349 1690 391 diversis-

134 409 265 450 simas
291 408 490 463 regiones
517 408 767 450 distraxere:
801 408 985 450 eadem
973 423 1018 449 1n
1044 408 1140 449 illos
1167 407 1331 462 ingruit
1356 407 1547 460 fortuna,
1580 422 1688 462 quae
1717 418 1758 449 21

130 480 268 520 nuper
298 481 378 508 nos
412 467 596 520 adflixit,
633 482 734 508 nam
766 469 808 508 et
845 466 1098 508 deseruntur
1130 466 1183 507 ab
1217 466 1364 519 sociis,
1405 469 1453 507 ut
1483 466 1601 520 prius
1635 466 1688 508 ab

133 522 359 566 Celtiberis
385 539 480 578 nos,
507 528 548 567 et
574 500 774 566 diduxere
801 525 1028 577 exercitus,
1054 538 1162 577 quae
1188 523 1302 577 patri
1327 526 1565 589 patruoque
1592 539 1687 567 meo

131 596 261 625 causa
299 583 418 625 elell
454 584 549 624 fult.
611 597 688 624 ΠΕΟ
726 581 939 624 dlSCOI‘dla
974 582 1180 622 intestma
1218 595 1331 622 eolre
1363 595 1434 622 eOS
1473 596 1519 622 ln
1556 597 1688 624 Ullum
1716 592 1758 623 22

132 641 257 695 sinet,
281 656 418 696 neque
438 641 595 695 singuli
615 640 740 681 nobis
760 639 959 681 resistere
986 641 1200 693 poterunt.
1250 653 1326 680 vos
1347 639 1488 690 modo,
1514 641 1687 695 milites,

130 699 272 741 favete
303 699 466 741 nomini
493 698 755 752 Scipionum,
788 697 928 739 suboli
958 698 1266 751 imperatorum
1298 699 1539 739 vestrorum
1570 699 1688 741 velut

133 758 281 800 accisis
319 757 578 799 recrescenti
622 756 842 810 stirpibus.

913 756 1026 810 agite
1034 789 1045 809 ,

131 816 362 858 exercitum
401 828 642 869 novumque
682 814 832 855 ducem
869 814 1082 856 traducite
1120 813 1347 865 Hiberum,
1390 814 1600 857 traducite
1642 816 1688 856 in

130 876 265 916 terras
310 887 406 915 cum
450 873 597 914 multis
641 872 825 914 fortibus
871 872 995 914 factis
1035 887 1162 926 saepe
1201 887 1225 913 a
1262 872 1384 914 vobis
1424 877 1688 929 peragratas.

130 932 250 974 brevi
280 931 437 973 faciam
468 934 536 984 ut,
567 945 693 985 quem
726 931 779 972 ad
810 931 983 972 modum
1014 932 1241 972 noscitatis
1273 932 1318 972 in
1345 946 1410 972 me
1444 933 1580 985 patris
1612 948 1686 987 pa·
1712 940 1757 972 24

129 990 300 1045 truique
345 990 668 1031 similitudinem
707 990 792 1031 oris
829 990 1056 1044 vultusque
1102 992 1144 1030 et
1187 990 1447 1030 lineamenta
1485 991 1687 1045 corporis,

128 1048 190 1089 ita
220 1048 383 1103 ingenii
414 1049 515 1089 fidei
540 1049 796 1103 virtutisque
823 1047 1010 1103 effigiem
1034 1047 1156 1089 vobis
1183 1047 1374 1100 reddam,
1406 1050 1453 1089 ut
1484 1049 1687 1091 revixisse
1713 1057 1757 1088 25

131 1109 205 1149 aut
236 1109 433 1148 renatum
466 1107 548 1148 sibi
580 1107 758 1162 quisque
791 1105 1036 1160 Scipionem
1067 1106 1372 1159 imperatorem
1405 1106 1544 1148 dicat.⁹

246 1165 340 1206 Hac
374 1165 568 1207 oratione
601 1165 789 1206 accensis
828 1165 1014 1206 militum
1046 1165 1218 1219 animis,
1255 1164 1402 1206 relicto
1437 1165 1489 1206 ad
1527 1164 1758 1220 praem-412

130 1223 247 1265 dium
284 1224 472 1278 regionis
511 1224 599 1264 eius
631 1223 687 1274 M.
721 1222 865 1265 Silano
901 1238 997 1281 oum
1034 1223 1172 1264 tribus
1211 1223 1383 1264 milibus
1423 1223 1613 1277 peditum
1646 1227 1687 1265 et

127 1282 332 1324 trecentis
359 1282 583 1336 equitibus,
609 1285 770 1323 ceteras
798 1296 943 1323 omnes
971 1282 1116 1335 copias
1140 1305 1192 1310 —
1215 1285 1336 1323 erant
1362 1284 1505 1323 autem
1532 1283 1688 1337 viginti

128 1340 312 1395 quinque
340 1340 460 1381 milia
485 1340 692 1394 peditum,
718 1341 800 1382 duo
828 1340 946 1381 milia
974 1340 1196 1395 quingenti
1222 1340 1386 1395 equites
1405 1364 1452 1369 —
1475 1339 1687 1382 Hiberum

126 1399 306 1441 traiecit.
358 1399 421 1440 ibi
453 1399 706 1453 quibusdam
739 1398 1035 1452 suadentibus,
1066 1401 1131 1452 ut,
1165 1399 1368 1452 quoniam
1400 1400 1447 1439 in
1478 1402 1565 1441 tres
1597 1402 1687 1441 tam
1714 1408 1733 1438 2

127 1457 316 1499 diversas
348 1458 543 1512 regiones
577 1457 874 1499 discessissent
898 1457 1049 1498 Punici
1082 1457 1310 1511 exercitus,
1341 1458 1582 1512 proximum
1615 1458 1686 1499 ad·

125 1515 390 1571 grederetur,
422 1516 656 1570 periculum
690 1530 781 1558 esse
813 1518 950 1570 ratus,
982 1530 1035 1557 ne
1070 1530 1118 1557 eo
1150 1515 1264 1557 facto
1298 1516 1342 1557 in
1373 1531 1506 1557 unum
1539 1531 1687 1559 omnes

125 1574 416 1625 contraheret,
454 1589 531 1616 nec
569 1589 647 1628 par
679 1577 793 1616 esset
824 1589 933 1615 unus
973 1577 1040 1616 tot
1071 1575 1343 1627 exercitibus,
1383 1573 1689 1630 Carthaginem

124 1712 270 1757 teilung
304 1711 423 1747 seiner
460 1713 685 1747 fehlerlosen
717 1713 871 1748 Berech-

125 1770 228 1804 nung
241 1770 312 1794 von
327 1759 393 1793 der
401 1759 501 1804 Lage
513 1759 733 1794 derFeinde.
755 1760 796 1794 In
810 1759 872 1794 be-

123 1806 212 1841 treff
224 1806 418 1841 derselben
430 1806 533 1841 stellt
545 1817 584 1841 er
593 1806 665 1841 fest
678 1809 709 1850 1)
720 1807 790 1841 den
799 1806 871 1840 Ab·

125 1852 195 1887 fall
208 1853 273 1887 der
284 1852 624 1898 Bundesgenossen‚
640 1855 674 1897 2)
687 1853 746 1888 die
758 1853 872 1888 Zwie-

125 1900 252 1934 tracht
265 1899 487 1935 derFi‘ihrer.
515 1902 590 1934 Aus
603 1900 728 1934 diesen
739 1900 873 1935 beiden

125 1946 338 1981 Momenten
359 1947 459 1981 zieht
478 1950 497 1988 ξ
513 1951 555 1982 21
578 1947 637 1981 die
653 1947 812 1982 Summe.
829 1967 872 1971 —

124 1992 288 2027 Beachte
320 1993 378 2027 die
407 1993 583 2038 Haufung
615 1994 680 2028 der
710 1993 870 2038 Begriffe

125 2039 191 2074 der
217 2039 432 2084 Trennung,
462 2041 709 2075 discordantes
735 2061 776 2065 —
804 2041 872 2075 alii

126 2086 172 2121 ab
198 2087 284 2121 aliis
304 2107 346 2111 -—
368 2087 552 2129 trifariam
576 2107 619 2112 —
643 2088 806 2122 diversus
827 2108 870 2112 —

125 2133 338 2168 distraxere.

173 2180 242 2215 alii
280 2181 324 2214 ab
364 2180 464 2225 aliis]
505 2180 570 2215 der
607 2181 750 2224 Plural,
788 2181 873 2216 weil

124 2226 248 2262 hinter
276 2227 400 2271 jedem
436 2227 501 2262 der
526 2227 605 2262 drei
630 2228 769 2262 Fiihrer
794 2228 872 2262 sein

126 2273 225 2308 Heer
249 2285 294 2308 zu
319 2273 464 2308 denken
483 2273 541 2309 ist.
581 2275 665 2320 Vgl.
687 2278 706 2317 ξ
727 2278 747 2309 8
769 2287 803 2309 u.
828 2279 868 2309 17

128 2320 235 2355 aliud
258 2331 366 2364 super
390 2321 504 2355 aliud.

173 2377 288 2411 prope
311 2367 367 2412 ut]
396 2384 440 2396 =
465 2371 507 2402 ut
525 2379 652 2412 prope,
678 2368 790 2403 sowie
810 2369 872 2403 via:

129 2417 171 2448 ut
206 2413 333 2458 haufig
369 2415 460 2448 statt
496 2419 536 2448 ut
570 2416 642 2450 vix.
681 2415 742 2459 40,
768 2418 800 2457 8,
830 2419 872 2449 14

125 2470 243 2504 prope
266 2463 307 2494 ut
325 2461 478 2504 puderet
502 2463 593 2506 reyii
618 2463 787 2497 nominis.

177 2511 232 2542 21.
273 2507 431 2552 inyruit]
467 2509 518 2541 As
520 2508 684 2552 yndeton
719 2520 872 2544 summa·

127 2554 263 2595 tivum;
296 2554 360 2588 das
387 2553 541 2589 Pr'asens
574 2554 677 2590 stent
708 2556 779 2590 den
807 2556 873 2590 Er-

128 2600 209 2645 folg
228 2600 282 2635 als
309 2599 438 2644 gewil's
464 2600 538 2634 hin.
577 2601 630 2635 Zu
647 2594 779 2646 inyruo
799 2603 871 2647 vgl.

131 2650 247 2688 c.25‚
278 2651 330 2682 10.

179 2697 236 2729 22.
273 2693 431 2739 suboles]
471 2694 540 2728 wie
578 2695 768 2739 proyenies
802 2705 875 2729 von

131 2739 259 2775 einer
278 2740 415 2775 Person
441 2741 613 2776 meistens
639 2741 873 2776 dichterisch.

129 2785 192 2830 40,
231 2791 264 2830 6,
298 2791 320 2821 4
356 2788 540 2830 fortunati
575 2789 694 2832 patris
731 2792 875 2823 matura

129 2834 280 2869 suboles.

180 2881 274 2915 velut
287 2881 417 2916 accisis
430 2882 873 2926 reerescentemstirpibus]

135 2925 238 2961 ‘dem
257 2926 418 2962 frischen
431 2927 518 2963 Reis
539 2940 603 2963 aus
620 2929 733 2964 sehon
746 2927 875 2973 gefall-

943 1714 1020 1747 tem
1036 1712 1227 1755 Stamme’,
1249 1712 1309 1747 ein
1331 1713 1392 1748 bei
1409 1713 1486 1749 Liv.
1508 1713 1689 1748 beliebtes

944 1759 1038 1794 Bild.
1066 1759 1124 1801 24,
1151 1764 1214 1802 45,
1248 1763 1268 1794 3
1295 1761 1466 1804 quoniam
1490 1771 1546 1795 res
1571 1761 1616 1795 R.
1644 1780 1689 1785 —

944 1807 1039 1841 velut
1059 1817 1241 1851 resuryere
1260 1807 1305 1841 ab
1319 1807 1495 1851 stirpibus
1509 1808 1686 1842 videatur.

944 1853 980 1896 6,
993 1858 1007 1887 1
1016 1857 1052 1896 ,3
1064 1854 1159 1888 velut
1172 1854 1216 1888 ab
1231 1854 1406 1897 stirpibus
1418 1858 1564 1888 renatae
1574 1854 1685 1889 urbis.

993 1904 1048 1934 24.
1057 1900 1259 1944 noscitatis]
1269 1900 1306 1934 in
1316 1900 1380 1934 der
1388 1901 1526 1935 dritten
1536 1900 1687 1936 Dekade

945 1958 1014 1980 nur
1038 1947 1119 1981 hier
1144 1947 1219 1981 und
1245 1947 1304 1989 22,
1333 1951 1365 1990 6,
1391 1951 1411 1981 3
1437 1948 1532 1990 faeie
1553 1958 1689 1992 quoque

944 1994 1128 2028 noscitans
1154 1994 1331 2028 consulem
1340 2007 1351 2034 ,·
1377 1994 1544 2039 haufiger
1562 1994 1601 2028 in
1623 1995 1689 2029 der

945 2042 1076 2076 ersten.

991 2088 1265 2122 similitudinem
1291 2089 1365 2122 oris
1389 2087 1594 2132 vultusque]
1615 2088 1689 2122 oris

946 2151 989 2162 =
1015 2134 1078 2168 des
1111 2133 1318 2178 Gesiehtes,
1350 2135 1487 2169 vultus:
1524 2134 1586 2168 des
1620 2134 1689 2169 Ge-

945 2181 1294 2216 sichtsausdruckes.
1333 2180 1418 2226 Vgl.
1439 2181 1497 2223 21,
1513 2185 1546 2225 4,
1561 2185 1581 2215 2
1602 2192 1688 2215 vom

945 2227 1148 2262 Hannibal:
1170 2228 1418 2263 Hamilcarem
1434 2229 1593 2263 iuvenem
1612 2228 1689 2263 red·

943 2275 1060 2309 ditum
1096 2275 1167 2309 sibi
1204 2279 1331 2310 veteres
1365 2275 1494 2309 milites
1531 2275 1690 2316 eredere,-

944 2322 1094 2356 eundem
1119 2322 1274 2366 vigorem
1300 2323 1340 2356 in
1366 2322 1468 2356 vultu
1486 2323 1626 2366 vimque
1648 2323 1690 2356 in

944 2369 1075 2410 oculis,
1107 2369 1267 2403 habitum
1301 2370 1375 2404 oris
1406 2369 1690 2413 lineamentaque

944 2416 1091 2450 intueri.

993 2473 1022 2497 c.
1049 2461 1110 2505 42,
1136 2466 1168 2496 2.
1195 2472 1258 2496 nee
1276 2473 1352 2506 par
1377 2462 1486 2507 esset]
1518 2461 1585 2496 Bei
1609 2462 1688 2496 Liv.

944 2509 1091 2543 werden
1128 2509 1358 2544 namentlich
1389 2508 1581 2544 Absichts-
1615 2508 1691 2543 und

947 2555 1214 2598 Befehlssiitze,
1259 2567 1306 2590 an
1349 2555 1407 2590 die
1446 2556 1506 2590 ein
1543 2555 1689 2590 zweites

947 2602 1109 2647 negirtes
1137 2602 1246 2637 Glied
1268 2602 1348 2637 sich
1368 2602 1595 2645 anschliesst,
1621 2601 1691 2636 mit

946 2659 1009 2683 nee
1045 2649 1279 2694 fortgesetzt,
1317 2660 1424 2684 wenn
1455 2649 1553 2684 diese
1586 2649 1691 2683 Fort-

947 2696 1103 2740 setzung
1139 2707 1207 2729 nur
1238 2696 1318 2730 eine
1350 2696 1498 2730 weitere
1531 2695 1690 2729 Ausffih-

947 2752 1044 2785 rung
1075 2743 1140 2776 der
1165 2744 1288 2776 ersten
1314 2741 1517 2776 Satzhalfte
1542 2741 1602 2777 ist.
1628 2741 1688 2786 25,

949 2792 982 2830 9,
1007 2790 1039 2821 4.
1067 2788 1100 2830 1,
1127 2792 1159 2831 2,
1186 2792 1208 2822 4
1232 2800 1266 2823 u.
1294 2788 1358 2823 oft.

997 2834 1252 2879 Carthaqi'nern
1275 2835 1420 2880 novam]
1441 2834 1520 2869 Liv.
1541 2834 1633 2870 liebt
1652 2847 1689 2870 es

948 2892 1054 2923 zwar,
1080 2881 1142 2916 bei
1168 2881 1401 2926 Ortsnamen,
1427 2881 1486 2916 die
1512 2892 1577 2916 aus
1598 2881 1688 2917 Sub-

948 2928 1085 2963 stantiv
1110 2928 1185 2963 und
1208 2928 1384 2974 Adjektiv
1410 2928 1598 2972 bestehen,
1625 2930 1690 2965 das

1096 756 1256 797 milites
1300 758 1483 809 veteres,
1527 771 1686 798 novum
1714 766 1757 797 ⁵23
