2000 3338
198 193 225 211 a.
247 185 312 211 chr.
332 193 359 210 n.
379 186 439 211 211.
705 175 850 211 LIBER
873 175 1003 211 XXVI.
1053 173 1153 211 CAP.
1183 178 1237 210 17.
1687 173 1740 214 37

198 282 313 326 Nero
344 283 502 325 insedit.
556 283 797 325 Hasdrubal
827 297 918 325 cum
953 283 998 324 in
1030 284 1123 324 arto
1158 296 1226 324 res
1259 285 1389 336 esset,
1426 282 1745 324 caduceatorem
1772 291 1792 322 5

197 342 334 395 misit,
364 342 436 396 qui
465 341 752 396 promitteret,
789 342 824 383 si
854 341 951 383 inde
983 341 1163 383 emissus
1195 341 1322 392 foret,
1357 355 1401 382 se
1433 355 1601 382 omnem
1632 353 1745 380 exer-

199 401 332 443 citum
363 415 415 441 ex
433 399 647 455 Hispania
678 400 1010 454 deportaturum.
1059 415 1186 454 quam
1216 414 1307 441 rem
1332 414 1427 441 cum
1458 400 1571 441 laeto
1605 399 1747 439 animo
1774 408 1794 439 6

198 459 416 501 Romanus
437 459 682 513 accepisset,
707 459 818 500 diem
843 461 1062 513 posterum
1082 458 1324 500 Hasdrubal
1350 458 1559 512 colloquio
1585 457 1750 511 petivit,

198 520 246 559 ut
282 532 425 568 coram
461 518 577 572 leges
615 518 982 559 conscriberentur
1024 517 1074 557 de
1111 516 1330 557 tradendis
1369 517 1535 558 arcibus
1579 516 1749 557 urbium

199 576 350 631 dieque
393 576 637 629 statuenda,
685 576 738 616 ad
781 589 908 629 quam
956 574 1167 628 praesidia
1218 574 1541 626 deducerentur,
1592 587 1751 628 suaque

200 635 343 677 omnia
380 635 471 676 sine
507 634 654 675 fraude
690 633 822 675 Poeni
866 633 1151 687 deportarent.
1218 632 1331 686 quod
1373 633 1447 673 ubi
1491 633 1752 686 impetravit,
1777 643 1795 673 7

200 694 412 747 extemplo
444 692 593 747 primis
624 691 810 733 tenebris
838 693 964 744 atque
989 690 1086 732 inde
1115 692 1208 731 tota
1232 693 1374 744 nocte,
1407 691 1521 745 quod
1553 690 1751 745 gravissi-

199 767 315 794 mum
352 751 560 793 exercitus
598 752 706 803 erat,
743 748 988 790 Hasdrubal
1028 763 1292 804 quacumque
1332 752 1479 804 posset
1517 749 1693 790 evadere
1733 763 1752 789 e

199 812 311 853 saltu
341 809 477 851 iussit.
525 808 625 849 data
657 808 802 849 sedulo
835 822 965 862 opera
991 810 1071 861 est,
1101 822 1155 849 ne
1187 808 1312 849 multi
1341 822 1389 849 ea
1419 811 1546 849 nocte
1577 807 1750 860 exirent,
1777 817 1797 848 8

197 872 247 911 ut
276 869 370 922 ipsa
400 866 594 921 paucitas
621 881 716 907 cum
749 866 802 908 ad
831 867 1001 908 hostem
1028 867 1198 908 silentio
1230 866 1462 908 fallendum
1489 867 1627 920 aptior
1658 868 1751 907 tum

200 928 253 969 ad
290 925 550 968 evadendum
587 939 663 979 per
701 927 816 966 artas
855 925 1030 967 semitas
1068 939 1116 967 ae
1154 925 1349 966 difficiles
1388 927 1512 967 esset.
1577 927 1752 966 ventum
1777 935 1796 965 9

197 984 440 1039 insequenti
472 984 539 1025 die
571 984 625 1025 ad
656 984 913 1050 colloquium
946 986 1026 1037 est,
1065 984 1138 1025 sed
1169 984 1378 1038 loquendo
1410 985 1534 1038 plura
1567 983 1750 1025 scriben-

199 1044 335 1111 doque
366 1043 511 1084 dedita
543 1057 690 1097 opera,
727 1057 836 1098 quae
873 1043 918 1084 in
954 1057 1044 1084 rem
1081 1057 1167 1084 non
1199 1046 1357 1096 essent,
1395 1042 1459 1083 die
1499 1044 1752 1095 consumpto

198 1104 243 1144 in
272 1104 492 1157 posterum
524 1102 703 1143 dilatum
735 1104 810 1143 est.
866 1101 1011 1143 addita
1041 1101 1270 1156 insequens
1301 1116 1387 1143 nox
1419 1101 1606 1155 spatium
1638 1100 1753 1141 dedit
1779 1111 1822 1142 10

248 1245 279 1276 5.
295 1242 335 1276 in
348 1240 443 1286 arto]
458 1258 502 1270 =
517 1241 571 1275 als
584 1252 623 1275 er
636 1240 674 1275 in
693 1240 757 1275 der
770 1240 938 1275 Klemme

201 1288 291 1331 sass;
323 1291 391 1323 art.
423 1287 543 1330 nicht,
575 1287 644 1322 wie
677 1299 705 1323 c.
741 1291 796 1331 39,
823 1291 865 1322 13
898 1289 939 1322 in

200 1339 280 1371 arto
299 1336 454 1380 stipatus
473 1335 585 1377 lokal,
600 1334 757 1369 sondern
775 1334 814 1368 in
832 1335 938 1368 fiber-

198 1385 371 1427 tragener
394 1382 622 1426 Bedeutung.
673 1381 756 1426 Vgl.
772 1381 832 1424 28,
846 1385 903 1424 24,
918 1386 937 1416 6

199 1430 351 1465 artiores
380 1440 436 1463 res
466 1446 509 1458 =
541 1427 574 1471 2,
607 1432 663 1471 34,
695 1432 716 1463 5
749 1432 815 1463 art.
849 1439 938 1464 com-

199 1479 345 1512 meatus.
384 1475 444 1519 26,
470 1479 525 1518 20,
552 1479 572 1510 8
599 1478 667 1510 art.
695 1486 853 1510 annona.

1011 1240 1193 1283 motivirt,
1226 1240 1330 1275 nicht
1354 1239 1589 1284 iiberfli'issig,
1619 1238 1688 1273 wie
1714 1238 1754 1273 in

1011 1288 1209 1323 condensus
1235 1299 1264 1323 c.
1292 1291 1323 1331 5,
1353 1291 1406 1322 13.

1060 1339 1090 1369 7.
1130 1335 1275 1369 evadere
1318 1345 1335 1369 e
1374 1334 1487 1379 saltu]
1531 1333 1606 1378 vgl.
1650 1336 1670 1375 ξ
1710 1337 1752 1368 12

1010 1385 1197 1416 evaserant
1221 1393 1238 1416 e
1262 1382 1379 1422 salt-zm
1411 1381 1521 1416 evado
1551 1380 1650 1415 steht
1675 1383 1752 1414 ent-

1010 1428 1132 1463 weder
1146 1428 1292 1463 absolut
1307 1430 1340 1473 1)
1350 1445 1393 1457 =
1403 1428 1639 1463 entkommeu
1655 1438 1683 1461 c.
1696 1431 1752 1471 38,

1013 1479 1065 1511 13.
1085 1486 1163 1510 cum
1177 1476 1322 1510 evadere
1340 1476 1546 1519 nequirent‚·
1567 1476 1601 1518 2)
1617 1491 1660 1502 =
1674 1474 1754 1508 hin·

241 1523 522 1568 caduceatorem]
533 1539 576 1551 =
584 1522 856 1564 Parlamentar3
867 1533 940 1557 von

200 1571 285 1605 dem
299 1570 486 1612 caduceus,
506 1569 576 1604 den
592 1581 630 1604 er
648 1571 745 1614 trug,
765 1568 938 1604 benannt.

200 1617 307 1652 Scine
323 1615 498 1661 Sendung
513 1616 581 1651 hat
598 1616 730 1651 immor
742 1616 939 1650 Abschluss

200 1664 263 1699 des
276 1662 450 1699 Friedens
464 1663 552 1698 oder
564 1663 939 1698 Waffenstillstandes

199 1723 282 1746 zum
309 1710 473 1745 Zwecke.
522 1710 607 1755 Vgl.
633 1710 692 1752 35,
721 1712 777 1754 38,
803 1713 823 1745 8
855 1711 941 1745 inde

200 1759 412 1794 caduceator
432 1758 610 1802 primum,
636 1758 763 1792 deinde
782 1761 815 1792 et
833 1758 940 1802 Ieyati

200 1834 207 1841 .
237 1834 244 1841 .
273 1833 280 1839 .
309 1833 315 1839 .
342 1815 452 1839 missi.

246 1852 356 1894 misit,
375 1852 438 1896 qui
457 1852 692 1895 promitteret,
711 1851 744 1885 si
763 1879 769 1885 .
788 1879 794 1886 .
811 1880 817 1886 .
840 1852 939 1886 emis-

199 1909 262 1934 sus
302 1898 410 1944 foret]
455 1898 513 1933 die
550 1897 841 1943 Wiederholung
878 1899 942 1933 der

200 1946 330 1981 Worte
358 1944 527 1990 gleichen
547 1944 728 1980 Stammes
754 1945 857 1980 hatte
884 1945 942 1979 fiir

200 1993 281 2028 Liv.
292 1991 457 2027 offenbar
464 1991 545 2026 hier
555 1991 943 2027 keinenhafslicheren

200 2039 333 2084 Klang,
348 2038 403 2073 als
417 2050 446 2074 c.
459 2042 515 2082 44,
528 2043 548 2073 2
563 2039 777 2083 disponit—
794 2040 943 2083 opponit

201 2107 245 2112 —
259 2087 432 2130 imponit;
458 2085 547 2120 oder
565 2085 701 2129 31,37,
724 2090 741 2119 1
763 2086 881 2121 educit
896 2106 938 2111 —

201 2137 290 2169 et—
304 2134 415 2168 ducit.
442 2132 502 2176 28,
523 2137 555 2175 9,
576 2136 640 2166 2—
646 2136 666 2167 3
692 2134 938 2168 iusserunt—

200 2181 392 2215 iusserunt.
434 2179 494 2223 23,
522 2160 576 2223 19,
603 2183 624 2214 8
650 2183 829 2215 convecto
860 2191 940 2216 cum

201 2228 403 2272 complura
430 2255 437 2262 .
465 2254 471 2260 .
500 2255 506 2261 .
537 2227 746 2270 complesset.

248 2278 281 2309 6.
305 2273 493 2319 colloquio]
515 2274 580 2308 der
598 2273 710 2308 Dativ
729 2273 862 2308 driickt
881 2273 940 2308 die

201 2321 457 2365 Bestimmung
469 2332 534 2355 aus
553 2320 613 2354 fiir
626 2320 707 2355 eine
722 2320 839 2355 Sache
854 2321 942 2355 oder

201 2367 355 2402 Person:
392 2368 465 2412 vgl.
492 2378 522 2402 c.
548 2371 581 2411 3,
608 2371 627 2402 9
660 2368 752 2403 diem
787 2369 943 2403 comitiis

196 2417 325 2458 petere.
370 2425 399 2448 c.
425 2418 481 2457 35,
512 2418 534 2448 4
566 2415 643 2449 dux
670 2446 677 2452 .
704 2441 712 2450 .
740 2441 747 2448 .
773 2416 943 2450 seditioni

202 2461 340 2496 deesset.
352 2459 386 2503 3,
397 2464 451 2503 12,
462 2461 563 2495 liam
573 2462 699 2496 aderat
708 2463 846 2497 iudicio
857 2463 941 2497 dies.

249 2508 384 2552 coram]
398 2506 622 2551 personlich,
641 2507 679 2542 in
692 2508 943 2552 personlicher

201 2554 469 2598 Unterredung.
525 2565 555 2588 c.
593 2558 649 2598 27,
687 2559 707 2589 9
743 2559 786 2589 ut
823 2566 943 2590 coram

202 2602 511 2646 eoavryuebantum
548 2601 624 2635 und
661 2611 700 2635 so
732 2601 786 2636 ost
822 2613 943 2637 coram

202 2647 414 2684 adverbiell.
459 2658 490 2682 c.
516 2651 572 2690 30,
601 2651 642 2682 12
674 2651 715 2681 ut
745 2658 865 2682 coram
896 2650 943 2683 iis

201 2696 444 2739 respondeam.
471 2698 569 2739 c.31,
583 2698 624 2729 11
639 2695 810 2739 quoniam
823 2705 943 2730 coram

202 2742 368 2777 audistis.
414 2740 474 2785 24,
500 2745 556 2784 27,
583 2746 603 2776 6
629 2742 694 2786 qui
718 2751 837 2776 coram
864 2752 944 2777 cum

197 2789 430 2834 praetoribus
457 2815 606 2824 .....
634 2792 788 2833 ayerent.

250 2836 572 2881 conscriberentur]
626 2835 941 2870 ‘zusammenstel-

203 2882 296 2925 len3’
324 2883 397 2927 vgl.
425 2893 453 2917 c.
479 2886 534 2926 24,
556 2886 576 2917 8
596 2895 631 2918 u.
653 2886 696 2917 14
721 2883 943 2927 conscriptae

203 2929 447 2971 condiciones;
491 2929 554 2964 das
598 2929 852 2974 Compositum
895 2929 943 2964 ist

1011 1522 1266 1557 auskommen:
1306 1533 1336 1557 c.
1368 1526 1407 1565 4,
1440 1526 1459 1556 3
1492 1532 1682 1556 evasurum
1719 1531 1754 1556 se

1005 1571 1191 1614 professus
1197 1583 1211 1612 ,-
1236 1569 1311 1604 und
1337 1572 1371 1611 3)
1392 1586 1436 1598 =
1450 1568 1753 1603 hinaufkommen

1013 1628 1042 1652 c.
1058 1620 1114 1660 45,
1129 1621 1148 1651 3
1170 1627 1247 1651 cum
1265 1627 1422 1650 smnmus
1442 1617 1589 1660 quisque
1607 1615 1754 1649 evadere

1011 1674 1085 1698 non
1112 1667 1245 1708 posset3
1284 1663 1372 1698 oder
1403 1663 1472 1697 mit
1503 1662 1657 1707 Angabe
1689 1661 1753 1696 des

1013 1711 1130 1753 Ortes,
1142 1711 1239 1745 nach
1251 1710 1431 1745 welchem
1445 1721 1532 1744 man
1545 1709 1754 1744 entkommt

1013 1758 1101 1793 oder
1130 1757 1406 1792 hinaufkommt
1430 1756 1499 1791 mit
1523 1757 1563 1791 in
1589 1755 1664 1790 und
1693 1755 1751 1790 ad.

1013 1815 1043 1840 c.
1070 1808 1126 1847 45,
1153 1809 1172 1839 9
1199 1805 1342 1839 evadere
1368 1805 1416 1839 ad
1439 1804 1581 1838 moenia
1603 1806 1622 1845 ἓ
1643 1806 1687 1837 13
1712 1803 1754 1837 in

1012 1855 1140 1886 tutum.

1061 1901 1093 1932 8.
1131 1899 1220 1933 data
1256 1899 1377 1932 sedulo
1417 1908 1525 1942 opera
1564 1896 1629 1942 est]
1667 1896 1754 1930 dare

1013 1956 1158 1989 operam
1195 1949 1235 1979 ut
1271 1945 1321 1979 ist
1362 1944 1437 1979 fast
1476 1943 1754 1978 ausnahmslose

1013 1992 1286 2037 Wortstellung
1304 1991 1366 2026 bei
1379 1992 1469 2033 Liv.,
1484 1991 1617 2025 ebenso
1632 1991 1755 2025 dedita

1015 2049 1123 2083 opera
1131 2041 1164 2081 (ξ
1173 2041 1207 2082 9)
1216 2039 1382 2073 daneben
1395 2038 1494 2073 steht
1504 2037 1754 2082 pleonastisch

1011 2086 1149 2129 sedulo,
1181 2086 1250 2121 wie
1283 2097 1312 2120 c.
1339 2089 1394 2128 40,
1422 2089 1462 2119 11
1496 2085 1596 2120 nacti
1627 2094 1752 2128 oppor-

1012 2137 1108 2168 tune.

1060 2180 1197 2225 aptior]
1225 2179 1290 2214 das
1310 2179 1499 2224 Adjektiv,
1520 2177 1667 2213 obwohl
1687 2189 1754 2211 nur

1011 2227 1063 2261 im
1076 2229 1198 2262 ersten
1212 2226 1423 2272 Satzgliede
1438 2225 1603 2267 stehend,
1623 2225 1756 2270 gehort

1013 2274 1108 2309 auch
1134 2286 1215 2308 zum
1240 2273 1403 2308 zweiten
1452 2272 1752 2317 Vg1.37,1·2,8

1014 2322 1107 2366 quod
1131 2321 1263 2364 fraude
1286 2321 1401 2364 capti,
1426 2320 1521 2364 quod
1547 2331 1570 2353 α
1594 2319 1668 2353 cive
1687 2328 1754 2362 po

1014 2369 1190 2403 tissimum
1233 2378 1298 2402 suo
1346 2367 1406 2410 for
1407 2370 1485 2408 ent
1532 2365 1756 2418 umgekehrt

1014 2415 1107 2449 wird
1133 2415 1198 2449 das
1214 2414 1282 2459 Adj
1287 2414 1390 2449 ektiv
1410 2425 1474 2448 aus
1497 2413 1581 2448 dem
1601 2411 1754 2447 zweiten

1015 2461 1205 2507 Satzglied
1224 2473 1305 2496 zum
1325 2464 1446 2496 ersten
1466 2461 1626 2505 erganzt.
1654 2471 1682 2494 c.
1695 2462 1752 2502 27,

1016 2513 1059 2543 12
1094 2510 1233 2544 nullam
1269 2509 1363 2543 enim
1399 2509 1441 2542 in>
1477 2508 1583 2542 terris
1619 2509 1755 2551 yentem

1015 2567 1101 2599 esse,
1141 2556 1283 2590 nullum
1322 2555 1542 2598 infestiorem
1574 2554 1754 2598 populum

1013 2604 1155 2638 nomini
1178 2602 1355 2637 Romano.

1062 2654 1095 2684 9.
1105 2651 1148 2684 in
1165 2649 1255 2695 rem]
1269 2649 1373 2683 nicht
1387 2660 1448 2683 zur
1459 2648 1577 2683 Sache
1598 2646 1754 2692 geherig

1014 2696 1090 2730 und
1114 2696 1220 2730 m'cht
1244 2695 1553 2730 zweckdienlich.·
1591 2705 1620 2728 c.
1648 2697 1704 2737 44,
1731 2696 1752 2727 8

1014 2743 1184 2786 imperat,
1207 2754 1298 2786 quae
1316 2743 1356 2776 in
1375 2753 1447 2776 rem
1465 2744 1559 2776 sunt.
1592 2741 1635 2774 In
1654 2740 1753 2774 dem-

1015 2789 1143 2823 selben
1168 2788 1279 2823 Sinne
1305 2790 1406 2823 sense
1430 2799 1448 2822 e
1472 2799 1510 2822 re
1534 2790 1594 2823 est.

1062 2836 1216 2870 dilatum
1238 2835 1303 2881 est]
1330 2846 1367 2869 es
1394 2836 1468 2869 trat
1488 2834 1546 2869 ein
1563 2833 1753 2868 Aufschub

1015 2882 1091 2925 ein,
1116 2882 1376 2926 impersonlich
1394 2881 1463 2916 wie
1484 2892 1513 2917 o.
1531 2885 1584 2923 14,
1600 2884 1620 2915 9
1643 2881 1751 2916 desci-

1015 2932 1091 2964 tum
1119 2933 1178 2965 est.
