2000 3338
250 127 306 168 58
760 126 904 162 LIBER
929 126 1058 161 XXVI.
1109 126 1211 162 CAP.
1237 131 1294 164 27.

1641 137 1796 163 21³..ssss

251 234 497 276 elevabatur
533 232 660 274 index
695 231 1001 285 indiciumque.
1042 232 1177 297 pridie
1209 247 1304 274 eum
1335 234 1583 276 verberibus
1615 234 1796 290 castiga-

250 297 341 334 tum
373 292 426 333 ab
458 290 639 332 dominis
672 289 935 343 discessisse,
971 303 1049 343 per
1085 290 1193 331 iram
1225 305 1274 332 ac
1304 291 1523 334 levitatem
1554 307 1606 334 ex
1635 307 1681 334 re
1712 293 1795 334 for-

203 363 225 393 9
252 351 364 391 tuita
401 349 560 391 crimen
597 351 895 390 commentum.

961 351 1147 390 ceterum
1184 351 1232 389 ut
1269 363 1412 391 coram
1447 351 1797 406 coarguebantur,

252 412 294 451 et
336 407 529 462 quaestio
573 421 623 448 ex
665 405 872 448 ministris
915 406 1116 448 facinoris
1152 406 1246 448 foro
1284 407 1423 449 medio
1459 407 1609 450 haberi
1646 413 1797 464 coepta

252 469 334 519 est,
363 465 471 507 fassi
490 479 656 519 omnes,
689 469 816 519 atque
841 464 886 506 in
917 464 1112 507 dominos
1139 479 1368 520 servosque
1393 467 1584 508 conscios
1609 469 1796 510 animad-

250 539 420 566 versum
451 527 527 566 est.
581 498 710 566 ind’iei
739 523 915 565 libertas
948 523 1049 565 data
1080 527 1122 565 et
1153 524 1309 579 viginti
1340 524 1459 566 milia
1491 525 1612 566 aeris.

368 581 546 625 Consuli
563 582 752 624 Laevino
773 580 966 636 Capuam
990 584 1275 637 praetereunti
1296 582 1553 625 circumfusa
1571 583 1796 627 multitudo

250 640 566 696 Campanorum
599 645 664 683 est
695 641 1011 683 obsecrantium
1043 656 1138 684 cum
1174 642 1378 695 lacrimis,
1416 645 1464 683 ut
1501 641 1586 683 sibi
1615 641 1798 684 Romam

251 700 304 742 ad
341 704 536 742 senatum
577 700 638 741 ire
681 700 828 742 liceret
865 703 1050 754 oratum,
1095 701 1131 741 si
1173 715 1256 755 qua
1293 700 1583 742 misericordia
1626 700 1798 742 tandem

248 759 362 800 flecti
406 762 598 813 possent,
642 773 694 799 ne
738 772 782 799 se
827 758 880 799 ad
922 759 1119 799 ultimum
1161 759 1373 813 perditum
1413 760 1525 801 irent
1562 773 1798 814 nomenque

180 830 221 859 11
251 817 565 871 Campanorum
589 832 614 858 a
635 816 681 865 Q.
701 815 853 858 Flacco
881 816 1010 858 deleri
1036 818 1234 859 sinerent.
1276 817 1454 860 Flaccus
1480 818 1562 859 sibi
1586 818 1799 884 privatam

250 876 512 916 simultatem
543 889 638 916 011111
671 873 901 929 Campanis
932 889 1090 930 negare
1122 875 1254 917 ullam
1286 891 1395 930 esse3
1434 877 1627 931 publicas
1659 877 1798 918 11111111-

249 935 373 976 citias
408 934 621 986 [hostiles]
655 937 698 976 et
730 948 821 975 esse
854 936 897 974 et
927 933 1111 987 futuras,
1150 934 1290 1000 quoad
1321 949 1369 976 eo
1402 935 1544 977 animo
1577 950 1667 977 esse
1699 949 1815 991 erga·

179 1005 222 1035 12
247 993 453 1048 populum
496 992 736 1035 Romanum
787 992 925 1034 sciret.

178 1090 183 1095 ,
248 1066 360 1106 esse,
396 1052 563 1093 nullum
600 1051 866 1093 infestiorem
903 1051 1110 1106 populum
1153 1052 1318 1093 nomini
1354 1052 1561 1094 Romano.

249 1191 454 1235 Campaner
479 1201 603 1225 waren
628 1190 809 1225 demnach
834 1189 874 1224 111
892 1190 988 1226 Rom

247 1238 425 1283 ansassig,
441 1237 510 1271 wie
520 1238 560 1282 ja
573 1237 624 1271 im
635 1237 749 1272 Laufe
760 1237 824 1272 des
836 1237 987 1282 Krieges

247 1285 437 1319 mehrfach
458 1284 714 1330 campanische
735 1284 838 1327 Edle,
861 1284 919 1319 die
940 1295 988 1318 an

249 1332 331 1367 dem
357 1331 483 1366 Abfall
514 1332 612 1366 ihrer
637 1330 854 1366 Vaterstadt
884 1331 989 1366 nicht

246 1379 471 1414 teilnehmen
480 1379 641 1423 wollten,
653 1378 749 1413 nach
757 1378 851 1413 Rom
860 1389 987 1423 zogen,

247 1426 328 1470 Vgl.
357 1426 422 1468 24,
449 1430 511 1468 47,
546 1429 588 1460 12
614 1427 746 1470 equites
773 1425 901 1464 CXII
924 1435 987 1461 ηο-

247 1474 333 1508 biles
359 1472 548 1517 Campani.

295 1520 449 1566 elevare]
485 1519 540 1555 als
571 1521 657 1555 Ievis
682 1537 726 1549 =
752 1519 989 1564 geringffigig

247 1566 458 1602 darstellen.
492 1578 522 1601 c.
548 1571 604 1608 51,
638 1571 679 1601 11
706 1568 891 1602 elevabant
914 1578 988 1602 ver-

247 1615 312 1649 bis.
363 1613 431 1656 28,
461 1619 524 1657 43,
559 1619 599 1649 15
639 1615 772 1649 elevare
805 1625 900 1649 meas
933 1625 989 1648 res

245 1665 372 1705 qestas.
399 1661 458 1705 32,
473 1665 529 1705 21,
546 1665 587 1696 12
608 1662 765 1696 elevabat
781 1661 988 1696 Romanum

247 1709 386 1743 bellum.

294 1755 496 1790 verberibus
533 1756 767 1801 castiqatmn]
811 1756 988 1800 castiyare

213 1839 216 1841 ,
248 1804 291 1844 (c.
319 1806 376 1845 21,
403 1805 460 1847 17)
489 1804 591 1837 sonst
610 1804 718 1837 stets:
746 1802 815 1837 mit
834 1803 988 1837 VVorten

245 1849 391 1891 tadeln,
426 1849 475 1884 ist
505 1849 566 1884 bei
596 1849 675 1884 Liv.
708 1862 776 1884 nur
807 1849 887 1884 hier
919 1849 988 1884 mit

248 1897 449 1931 verberibus
468 1896 697 1939 verbunden;
718 1897 812 1931 doch
831 1897 931 1931 steht
950 1907 988 1931 es

247 1943 308 1986 34,
330 1949 384 1986 15,
405 1949 426 1978 4
455 1943 493 1978 in
519 1943 730 1979 demselben
756 1943 867 1979 Sinne
893 1944 986 1979 ohne

247 1991 319 2025 den
348 1991 478 2025 Zusatz
504 1991 717 2026 verberibus.

289 2049 357 2082 per
391 2039 486 2073 iram
523 2049 566 2072 ae
599 2038 795 2084 levitatem]
830 2049 897 2082 per
926 2038 987 2073 be·

245 2085 415 2120 zeichnet
451 2085 510 2120 bei
547 2085 625 2120 Liv.
664 2085 767 2120 nicht
804 2087 896 2120 stets
929 2085 986 2120 die

247 2133 315 2166 Art
359 2131 432 2166 und
475 2132 600 2166 Weise
644 2133 744 2167 einer
786 2131 988 2176 Handlung

247 2179 326 2223 (per
350 2181 432 2221 vim,
453 2190 521 2223 per
539 2179 686 2221 dolum),
713 2179 868 2214 sondern
889 2179 988 2214 steht

248 2227 341 2261 auch
374 2237 420 2261 an
448 2226 561 2261 810110
589 2226 686 2261 eines
711 2226 889 2261 kausalen
914 2225 987 2260 Ab·

247 2273 357 2308 lativs
372 2273 444 2308 und
459 2273 654 2308 miteinem
663 2273 815 2308 solchen
822 2273 986 2318 parallel.

245 2320 307 2362 27,
335 2325 389 2363 16,
416 2325 436 2355 6
459 2331 520 2355 seu
540 2331 608 2365 per
627 2331 776 2356 errorem
798 2331 856 2356 seu
878 2323 988 2355 vetere

247 2368 287 2401 in
313 2378 368 2402 eos
393 2368 503 2402 insito
528 2368 620 2403 odio.

295 2418 326 2449 9.
353 2416 513 2459 quaestio
535 2426 578 2449 eJ:
596 2415 773 2450 ministris
791 2414 986 2460 facinoris]

245 2461 306 2496 die
322 2461 482 2496 Sklaven
497 2462 642 2497 werden
658 2462 752 2496 nach
768 2461 987 2497 romischem

248 2508 366 2544 Recht
380 2508 430 2542 im
442 2509 616 2544 Processe
628 2520 745 2553 gegen
757 2509 835 2543 ihre
848 2509 986 2543 Herren

247 2567 315 2590 nur
351 2556 417 2591 anf
451 2555 515 2591 der
548 2556 674 2591 Folter
703 2556 863 2591 vex-hort.
920 2555 986 2590 Die

247 2603 447 2648 Folterung
483 2603 599 2638 findet
635 2603 699 2638 auf
734 2603 816 2637 dem
851 2603 987 2638 Forum

247 2653 350 2685 statt.
402 2650 468 2692 23,
510 2655 568 2693 17,
614 2655 630 2685 1
671 2652 910 2695 quaestionem
947 2651 987 2684 in

246 2698 326 2739 foro
338 2717 381 2723 —
392 2698 530 2732 habuit.
560 2697 704 2732 Ebenso
719 2697 986 2740 Exekutioneu,

248 2756 327 2778 zum
354 2745 675 2780 abschreckenden
702 2745 892 2790 Beispiele.
927 2744 987 2787 22,

247 2795 308 2833 57,
342 2796 361 2826 3
397 2802 435 2826 eo
472 2803 582 2837 usque
619 2793 731 2836 viryis
770 2793 808 2826 in
846 2793 988 2827 comitio

247 2849 369 2872 caesus
405 2843 498 2882 erat,
541 2844 579 2874 ut
618 2841 712 2874 inter
749 2840 892 2875 verbera
930 2850 987 2874 ex-

244 2886 412 2929 spiraret.

991 992 1154 1034 nullam
1202 993 1315 1034 0111111
1363 994 1408 1035 111
1455 995 1580 1036 terris
1630 996 1801 1049 gentem

1623 1052 1717 1095 ideo
1756 1067 1801 1094 se

1107 1191 1254 1225 libertas
1290 1190 1401 1236 data]
1440 1190 1707 1236 Belohnungen
1742 1191 1802 1226 ffir

1060 1237 1378 1273 Denunziationen
1396 1238 1599 1272 bestanden
1618 1238 1677 1272 ffir
1696 1237 1800 1273 Freie

1059 1285 1302 1330 regelmassig
1331 1284 1369 1319 in
1396 1284 1490 1319 Geld
1521 1285 1596 1320 und
1621 1295 1718 1320 zwar
1742 1285 1800 1320 bis

1060 1344 1142 1366 zum
1161 1331 1318 1376 Betrage
1345 1332 1409 1367 des
1432 1331 1568 1366 Census
1594 1332 1658 1367 der
1678 1334 1801 1368 ersten

1059 1378 1209 1421 Klasse;
1235 1379 1292 1413 fiir
1311 1378 1474 1414 Sklaven
1495 1379 1534 1413 in
1553 1379 1618 1414 der
1636 1379 1801 1414 Freiheit

1060 1425 1135 1460 und
1167 1425 1428 1471 Geldpramien
1464 1426 1514 1460 im
1546 1426 1706 1469 Betrage
1737 1426 1800 1461 des

1062 1472 1199 1507 Census
1213 1473 1277 1507 der
1291 1473 1433 1508 vierten
1442 1474 1499 1507 od.
1507 1472 1650 1508 ffinften
1659 1473 1800 1508 Klasse.

1060 1519 1143 1565 Vgl.
1171 1519 1231 1563 32,
1257 1524 1315 1563 26,
1342 1525 1385 1555 14
1409 1521 1534 1555 vicena
1557 1521 1672 1565 quina
1696 1521 1801 1556 milia

1060 1568 1154 1602 aeris
1178 1571 1211 1602 et
1235 1568 1391 1603 libertas.

1094 1630 1097 1633 ’
1109 1630 1164 1661 10.
1178 1629 1332 1668 oratum,
1344 1627 1376 1660 si
1389 1626 1476 1671 qua]
1491 1627 1523 1660 si
1533 1625 1581 1660 ist
1593 1626 1687 1660 uach
1696 1635 1801 1661 orare

1061 1673 1319 1717 angewendet,
1344 1673 1469 1707 indem
1494 1673 1602 1708 dabei
1627 1673 1686 1708 ein
1711 1672 1799 1708 Ver-

1060 1721 1146 1755 bum
1163 1720 1226 1755 des
1237 1720 1467 1755 Versuchens
1477 1719 1725 1762 vorschwebt3
1740 1719 1801 1755 bei

1059 1768 1138 1802 Liv.
1164 1767 1268 1802 nicht
1287 1767 1413 1802 selten.
1453 1767 1488 1807 5,
1511 1770 1568 1810 42,
1589 1772 1606 1801 1
1629 1768 1802 1802 ostentari

1059 1815 1235 1859 quaedam
1254 1815 1423 1849 incendia
1447 1815 1596 1848 terroris
1615 1824 1744 1855 eausa,
1768 1815 1802 1849 si

1060 1862 1220 1906 compelli
1231 1862 1279 1895 αᾱ
1289 1862 1502 1896 deditionem
1509 1862 1639 1896 obsessi
1643 1864 1802 1906 possent.

1061 1909 1119 1951 10,
1147 1913 1178 1951 5,
1207 1912 1262 1943 10.

1102 1967 1410 2013 perditumirent]
1432 1983 1475 1995 =
1490 1967 1690 2011 perderent.
1728 1966 1802 2002 Das

1061 2014 1241 2060 Supinum
1277 2014 1344 2049 auf
1376 2026 1437 2048 um
1475 2014 1544 2048 mit
1575 2014 1694 2049 einem
1726 2013 1801 2049 Ob-

1056 2061 1364 2107 jektsaccusativ,
1396 2061 1554 2096 welches
1579 2061 1639 2096 bei
1674 2059 1800 2096 Cicero

1060 2108 1178 2144 selten
1221 2109 1288 2149 ist,
1338 2108 1452 2143 findet
1495 2107 1573 2142 sich
1620 2107 1680 2142 bei
1721 2106 1799 2143 Liv.

1060 2156 1226 2191 ziemlich
1277 2136 1422 2200 baufig;
1472 2154 1511 2189 in
1559 2153 1801 2200 Verbindung

1060 2203 1129 2237 mit
1160 2204 1272 2237 irent:
1302 2201 1336 2245 2,
1362 2203 1395 2244 6,
1423 2206 1442 2236 3
1475 2212 1560 2237 suas
1584 2205 1712 2236 veteres
1744 2203 1800 2236 in-

1059 2251 1178 2284 iurias
1210 2250 1325 2283 ultum
1356 2250 1460 2284 irent.
1504 2248 1570 2290 32,
1596 2252 1658 2291 22,
1685 2253 1705 2283 6
1730 2260 1801 2283 neu

1054 2298 1262 2341 pertinacia
1304 2307 1371 2331 sua
1419 2299 1553 2341 yentem
1595 2297 1801 2331 universam

1054 2345 1238 2389 perditum
1264 2345 1366 2378 irent.

1111 2407 1162 2439 11.
1178 2402 1331 2448 019α]111
1347 2401 1723 2443 ῑο11111110110111811111ος
1741 2401 1801 2437 ein

1061 2449 1401 2496 Sprachgebrauch,
1421 2449 1511 2484 der
1502 2461 1539 2484 111
1553 2449 1674 2484 bester
1688 2449 1801 2484 Prosa

1060 2497 1270 2532 vermieden
1296 2497 1389 2531 113011
1416 2496 1494 2532 Liv.
1517 2495 1692 2541 Vorgang
1711 2496 1801 2531 hau·

1063 2543 1800 2589 11ςο1111111.0.33,90οτ01·οι·ιιηιοη1ηιιιηι

1062 2592 1328 2636 Campanorum
1377 2591 1522 2626 eundem
1573 2602 1674 2634 crya
1723 2599 1800 2624 nos

1059 2641 1238 2681 animuum,
1294 2649 1392 2683 quem
1445 2637 1799 2681 Carthayiniensium

1058 2687 1180 2729 fuisse.
1230 2685 1290 2727 25,
1317 2690 1372 2728 31,
1399 2690 1419 2720 4
1445 2685 1619 2727 maleficia
1646 2703 1689 2709 —
1713 2695 1799 2729 crya

1057 2734 1231 2779 populum
1257 2732 1302 2767 R.
1330 2744 1407 2767 esse.

1110 2797 1161 2826 12.
1196 2790 1434 2836 infestiorem]
1462 2802 1504 2824 zu
1534 2789 1664 2824 beiden
1700 2790 1800 2824 8312-

1060 2841 1225 2885 gliedern
1265 2838 1428 2883 gehbrig.
1488 2837 1569 2881 Vgl.
1610 2849 1638 2871 c.
1682 2841 1739 2874 17.
1778 2841 1799 2872 8

1059 2890 1190 2932 aptior.
