2000 3338
148 188 183 207 va.
204 179 275 206 Chr.
290 187 318 205 n.
339 181 398 206 210.

155 278 322 331 der-ent,
358 277 404 318 in
442 291 640 331 corpora,
678 292 785 332 quae
822 278 985 332 reliqua
1022 279 1183 331 essent,
1225 277 1448 319 saevirent.

619 170 762 205 LIBER
786 170 917 206 XXVI.
969 170 1071 206 CAP.
1098 174 1153 206 35.
1181 174 1236 206 36.
1429 203 1432 206 .
1658 171 1712 212 75

1510 292 1563 319 ne
1601 278 1711 319 unde

155 335 421 376 redimantur
453 335 622 390 quidem
656 337 882 390 quicquam
915 350 1147 390 superesse.
1202 335 1307 378 haec
1337 350 1425 377 non
1455 335 1501 377 in
1532 336 1711 390 occulto,
1738 347 1756 377 7

153 394 227 436 sed
264 394 490 448 propalam
527 394 573 435 in
609 393 703 435 foro
742 397 868 448 atque
900 395 1034 436 oculis
1075 395 1266 448 ipsorum
1298 394 1520 436 consulum
1558 395 1710 449 ingens

152 451 280 493 turba
324 452 569 494 circumfusi
616 452 874 504 fremebant,
922 467 1000 494 1100
1044 466 1115 493 003
1167 453 1312 493 sedare
1357 453 1553 494 consules
1598 467 1709 494 1111110
1737 463 1756 494 8

146 510 404 565 ⁴castigando
431 525 544 552 1111110
571 511 831 552 0011301011ᾶο
857 512 1070 564 poterant.
1115 511 1301 563 spatium
1324 510 1476 551 deinde
1502 511 1554 551 iis
1580 511 1710 552 tridui

153 582 198 609 se
231 569 332 609 dare
359 569 411 610 ad
438 569 713 623 cogitandum
739 568 954 620 dixerunt3
987 581 1070 621 quo
1097 567 1181 620 ipsi
1208 567 1260 608 ad
1285 582 1375 608 rem
1400 568 1710 622 inspiciendam

151 630 189 669 et
225 627 529 681 expediendam
566 626 632 667 usi
670 628 781 667 sunt.
836 627 1032 666 senatum
1069 627 1245 678 postero
1281 625 1347 666 die
1385 625 1627 667 habuerunt
1659 627 1709 668 de
1736 638 1755 669 9

150 686 361 740 remigum
388 685 701 739 supplement03
733 683 807 724 ubi
833 697 928 724 cum
960 683 1099 724 multa
1125 683 1444 736 disseruissent,
1477 698 1550 724 cur
1576 699 1710 738 aequa

149 743 289 797 plebis
315 743 527 784 recusatio
554 744 684 793 esset,
715 744 937 782 verterunt
963 741 1202 783 orationem
1229 756 1296 795 eo,
1328 744 1376 782 ut
1407 742 1596 783 dicerent
1627 744 1709 796 pri-

149 801 261 843 vatis
292 801 337 842 id
363 815 437 842 seu
464 814 645 853 aequum
678 813 752 840 seu
784 799 977 854 iniquum
997 814 1104 841 onus
1130 800 1440 854 iniungendum
1467 815 1576 842 esse:
1608 816 1709 842 nam

148 859 278 912 unde,
321 873 416 900 cum
460 858 639 912 pecunia
681 858 726 899 in
771 859 935 900 aerario
973 873 1060 900 non
1099 861 1230 912 esset,
1270 861 1494 913 paraturos
1532 860 1706 900 navales
1737 870 1779 901 10

149 916 317 959 socios?
355 931 438 971 quo
478 916 604 958 modo
639 919 781 957 autem
820 917 911 958 sine
944 917 1152 958 classibus
1191 919 1265 958 aut
1297 916 1485 958 Siciliam
1524 918 1709 959 obtineri

149 978 223 1016 aut
254 975 381 1017 Italia
412 974 662 1030 Philippum
695 975 829 1016 arceri
860 989 986 1029 posse
1019 978 1093 1016 aut
1123 978 1217 1016 tuta
1246 975 1396 1016 Italiae
1429 976 1556 1016 litora
1587 975 1708 1017 esse‘?

146 1046 243 1074 cum
281 1033 326 1074 in
362 1033 443 1075 hac
482 1033 735 1075 difficultate
779 1048 920 1075 rerum
958 1033 1184 1075 consilium
1227 1033 1440 1087 haereret,
1485 1048 1533 1075 ac
1576 1049 1709 1089 prope
1723 1035 1778 1077 36

145 1093 296 1146 torpor
345 1092 516 1146 quidam
561 1095 812 1145 occupasset
860 1092 1083 1133 hominum
1127 1094 1310 1145 mentes,
1359 1095 1451 1133 tum
1495 1091 1708 1134 Laevinus
1735 1105 1755 1134 2

146 1150 313 1192 00113111;
353 1151 632 1205 magistratus
672 1151 838 1191 senatui
877 1153 920 1192 et
958 1153 1152 1192 senatum
1184 1126 1362 1204 populo,
1404 1151 1514 1192 sicut
1545 1150 1708 1193 honore

145 1211 384 1263 praestent,
416 1209 478 1250 ita
511 1209 564 1250 ad
597 1209 757 1263 omnia,
790 1223 897 1263 quae
930 1209 1036 1250 dura
1068 1211 1194 1275 atque
1227 1224 1378 1275 aspera
1411 1211 1571 1263 essent,
1611 1210 1706 1251 sub-

146 1267 284 1308 eunda
322 1267 448 1309 duces
487 1267 638 1309 debere
676 1282 781 1309 esse.

843 1267 912 1321 si,
938 1267 1064 1333 ‘quod
1101 1268 1323 1322 iniungere
1363 1268 1558 1309 1111011011
1588 1269 1753 1321 velis,3

143 1324 187 1366 id
231 1325 350 1379 prius
394 1326 440 1367 in
483 1328 525 1367 te
567 1340 614 1367 ac
659 1328 755 1368 tuos
800 1325 890 1380 ipse
934 1326 1039 1367 iuris
1085 1327 1302 1379 statueris,
1345 1326 1512 1368 facilius
1558 1341 1704 1368 01111103

140 1384 389 1425 obedientes
428 1384 600 1425 habeas.

141 1534 206 1568 der
225 1533 511 1579 Aufforderung.
550 1533 624 1568 Das
651 1534 888 1569 bezeichnete

141 1580 345 1616 Verfahren
383 1581 432 1615 ist
470 1581 535 1615 das
574 1581 638 1615 der
674 1580 887 1625 Glaubiger,

140 1627 281 1662 welche
333 1639 380 1662 an
430 1628 514 1662 dem
564 1628 773 1672 Vermogen
824 1628 889 1662 der

143 1672 348 1709 Schuldner
362 1674 571 1709 Exekution
591 1675 800 1709 vollziehen
813 1675 888 1709 und

142 1732 248 1756 wenn
289 1722 353 1756 der
397 1721 503 1755 Erlos
549 1721 742 1756 derselben
786 1721 888 1756 nieht

139 1768 344 1811 ausreicht,
394 1768 490 1802 auch
541 1767 600 1802 die
643 1768 779 1803 Person
822 1769 886 1802 des

140 1813 365 1849 Schuldners
386 1815 500 1849 selbst
518 1814 730 1850 verkaufen.
753 1835 797 1840 ——-
811 1814 887 1850 Vor

140 1862 282 1906 reliqua
302 1861 449 1896 schiebe
464 1862 637 1896 deutsch:
660 1862 800 1906 ‘allein,
818 1874 887 1897 nur

140 1908 264 1951 noch',
291 1909 360 1942 ein.

189 1971 220 2002 7.
246 1967 392 2012 sedare]
423 1967 493 2001 mit
516 1967 787 2011 personlichem
813 1967 885 2002 Ob-

136 2013 221 2058 jekt
239 2013 289 2048 ist
308 2013 613 2058 ungewo‘hnlich3
640 2014 815 2049 meistens
835 2025 884 2050 se-

138 2060 228 2095 dare
239 2061 389 2096 animos.
411 2072 440 2094 0.
456 2065 512 2104 21,
528 2065 570 2095 17
586 2061 741 2095 militum
757 2088 882 2096 ......

138 2109 282 2142 animos
310 2108 458 2142 sedavit..

187 2169 219 2200 9.
245 2168 287 2200 ut
312 2165 485 2211 dicerent]
514 2166 644 2210 vglso.
663 2170 716 2209 19,
736 2171 756 2201 6
781 2167 886 2210 fidem

139 2212 283 2255 fecit-
298 2223 378 2248 esse.
417 2213 500 2246 Wie
520 2213 611 2256 hier,
638 2213 784 2248 wendet
808 2213 885 2249 Liv.

142 2258 223 2294 eine
256 2259 553 2304 Umschreibung
582 2260 679 2294 noch
717 2271 780 2294 an:
826 2260 886 2303 37,

143 2309 206 2348 17,
233 2310 254 2341 6
279 2317 391 2341 unam
415 2310 562 2341 mentem
587 2317 675 2349 esse,
706 2310 748 2341 ut
777 2308 886 2342 servi-

143 2355 253 2387 tutem
289 2354 425 2398 reyiam
463 2354 616 2398 effuyere
650 2355 785 2390 vellent.
826 2354 887 2397 38,

144 2403 207 2442 50,
236 2404 252 2434 1
280 2400 322 2433 in
346 2411 388 2434 ea
413 2401 597 2443 opinione,
623 2404 664 2434 ut
689 2404 888 2445 neyaturus

142 2446 366 2490 triumphum
390 2446 503 2488 fuzsse
526 2448 716 2482 videnwetm.

191 2503 254 2527 seu
273 2504 425 2537 aequum
441 2502 504 2527 seu
516 2494 750 2538 iniquum]1n
761 2494 887 2540 jedem

143 2539 265 2583 Fa11e,
299 2539 394 2574 ohne
426 2539 787 2586 Berficksicbtigung
824 2541 888 2576 der

143 2567 373 2621 rechtfichen
405 2586 660 2631 Zul'assigkeit.
698 2587 738 2630 2,
772 2592 833 2631 32,
867 2592 886 2622 7

143 2644 221 2668 eam
254 2644 319 2677 per
344 2644 459 2678 aequa
487 2645 553 2677 per
577 2634 708 2678 iniqua
732 2635 886 2669 reconci-

145 2681 310 2715 liandam
335 2681 478 2715 civitati
502 2690 581 2715 esse.

189 2737 292 2771 posse
319 2745 360 2752 -—
384 2727 476 2772 esse]
509 2726 569 2761 die
600 2726 735 2762 beiden
766 2727 887 2761 Infini-

143 2773 222 2809 tive
242 2773 323 2808 sind
342 2784 414 2809 von
435 2774 610 2809 einander
624 2776 796 2819 getrennt
812 2774 888 2808 und

146 2820 214 2855 auf
224 2820 313 2855 zwei
325 2819 554 2865 Satzglieder
564 2821 714 2855 verteilt
727 2820 886 2864 worden,

145 2878 207 2901 11111
233 2867 305 2902 (1011
328 2866 531 2902 hassliehen
551 2867 798 2912 Gleichklang
817 2878 889 2902 von

140 2923 247 2958 posse
270 2924 341 2949 esse
367 2926 411 2948 zu
435 2914 657 2950 vermeiden.

662 1398 740 1425 nec
778 1385 972 1438 impensa
1010 1385 1154 1440 gravis
1188 1388 1271 1439 est,
1308 1399 1403 1426 cum
1441 1398 1490 1426 ex
1522 1400 1571 1426 ea
1608 1385 1705 1439 plus

1009 1546 1038 1570 0.
1066 1534 1126 1578 36,
1156 1540 1184 1570 1.
1212 1546 1291 1569 cum
1312 1556 1354 1560 —
1376 1536 1564 1570 consilium
1587 1536 1705 1570 71αονο-

960 1581 1028 1627 ret]
1055 1581 1123 1616 ‘als
1144 1582 1182 1616 in
1203 1582 1322 1616 dieser
1341 1582 1584 1627 schwierigen
1604 1583 1705 1626 Lavge

962 1628 1020 1663 die
1065 1628 1252 1673 Beratung
1294 1629 1350 1663 ins
1397 1628 1559 1664 Stocken
1606 1629 1704 1672 kam,

960 1676 1069 1719 guter
1088 1675 1162 1710 Rat
1181 1677 1285 1710 teuer
1311 1675 1422 1710 war’:
1451 1677 1594 1711 haerere
1620 1687 1705 1711 vom

961 1722 1270 1758 Steckenbleiben
1291 1722 1391 1757 einer
1403 1722 1616 1768 Bewegung
1629 1722 1703 1766 (29,

960 1773 1022 1812 33,
1065 1772 1085 1803 7
1122 1770 1216 1804 duae
1259 1773 1399 1804 turmae
1440 1770 1599 1813 haesere)
1645 1770 1711 1804 auf

960 1815 1135 1861 geistiges
1149 1816 1390 1861 fibertragen,
1406 1816 1631 1861 Gegensatz:
1649 1827 1705 1851 ecc-

957 1863 1082 1906 pedire
1107 1864 1211 1907 Μία..-
1237 1862 1277 1905 2,
1305 1867 1366 1905 24,
1394 1867 1413 1897 3
1441 1864 1607 1907 expedire
1632 1874 1704 1898 rem

958 1910 1152 1953 publicam.

1006 1956 1146 2002 torpor]
1180 1959 1320 2000 torpor,
1351 1959 1507 2000 torpere,
1538 1957 1705 2001 torpidus

959 2003 1162 2047 eigentlich
1201 2014 1287 2038 vom
1320 2003 1477 2047 Rex-per,
1519 2003 1560 2046 9,
1591 2008 1629 2047 2,
1663 2007 1704 2038 10

958 2054 1114 2094 stupor
1157 2051 1317 2085 omnium
1355 2051 1494 2085 animos
1531 2061 1574 2085 ac
1609 2051 1705 2085 velut

959 2100 1114 2140 torpor
1157 2097 1306 2141 quidam
1343 2098 1512 2132 insolitus
1549 2098 1705 2132 membra

959 2146 1066 2186 tenet;
1095 2143 1317 2188 {ibertragen
1343 2143 1409 2188 24,
1437 2147 1499 2187 43,
1526 2147 1546 2178 8
1567 2155 1704 2188 pavore

959 2191 1044 2224 aliis
1063 2191 1104 2224 in
1123 2194 1228 2225 tanta
1248 2191 1348 2225 clade
1372 2192 1605 2234 torpentibus.
1643 2191 1703 2235 27,

959 2241 1015 2280 46,
1043 2241 1073 2272 9.
1117 2237 1177 2281 28,
1204 2241 1264 2280 29,
1295 2241 1347 2271 11.
1387 2237 1453 2281 22,
1480 2241 1542 2280 53,
1569 2242 1600 2272 6.

1007 2300 1039 2331 2.
1060 2297 1294 2340 mayistratus
1313 2297 1457 2330 senatui
1485 2299 1516 2330 et
1541 2300 1704 2331 senatum

954 2342 1114 2389 populo]
1149 2343 1293 2377 danach
1325 2342 1472 2377 zerffillt
1501 2342 1560 2377 die
1586 2354 1703 2388 ganze

961 2389 1222 2434 Biirgerschaft
1230 2389 1350 2424 indrei
1359 2389 1512 2424 Klassen
1522 2403 1529 2423 :
1540 2390 1702 2433 Beamte,

961 2435 1075 2471 Senat
1094 2436 1169 2470 und
1181 2436 1292 2481 Volk,
1306 2436 1387 2470 eine
1402 2436 1629 2481 Einteilung,
1644 2436 1702 2472 die

960 2483 1092 2527 darauf
1101 2483 1248 2526 beruht,
1259 2482 1339 2518 dass
1349 2495 1418 2517 nur
1429 2483 1492 2517 das
1502 2482 1704 2518 Bekleiden

959 2541 1030 2565 von
1052 2530 1207 2565 Amtern
1230 2530 1379 2573 (honore
1401 2533 1598 2574 praestent)
1623 2530 1704 2565 her-

959 2577 1197 2622 vorgehoben
1222 2577 1369 2612 werden
1394 2577 1474 2612 soll.

1008 2639 1038 2671 3.
1059 2636 1183 2679 yravis
1196 2635 1260 2681 est]
1276 2636 1341 2670 der
1355 2636 1500 2679 haufige
1508 2635 1703 2670 Gebrauch

960 2681 1024 2715 des
1048 2681 1276 2725 Deutschen,
1309 2682 1408 2716 Part.
1440 2682 1605 2717 Prasent.
1631 2693 1704 2716 von

960 2728 1106 2762 transit.
1141 2728 1248 2763 Verb.
1281 2727 1335 2762 als
1367 2728 1569 2772 Adjektiva
1593 2739 1702 2762 anzu-

961 2774 1127 2815 wenden,
1152 2774 1203 2808 ist
1221 2775 1273 2808 im
1292 2775 1372 2808 Lat.
1394 2775 1498 2809 nicht
1517 2774 1702 2817 statthaft,

961 2820 1067 2855 daftir
1092 2820 1310 2865 Adjektiva:
1336 2821 1541 2856 driickend:
1559 2822 1703 2866 mavis,-

961 2867 1226 2912 anstrengend:
1249 2878 1349 2910 acer‚·
1374 2867 1626 2913 beleidigend:
1646 2869 1702 2903 in-

961 2915 1120 2949 iuriosus
1146 2926 1180 2948 u.
1207 2927 1234 2949 3.
1260 2926 1303 2950 w.
1354 2913 1468 2950 Nicht
1495 2915 1614 2950 selten
1639 2915 1703 2950 da-
