2000 3338
130 189 156 207 a.
179 181 243 207 chr.
263 189 290 206 n.
312 182 372 207 210.
593 171 739 207 LIBER
762 172 892 207 XXVI.
945 171 1047 207 CAP.
1075 176 1131 208 37.
1159 176 1213 208 38.
1631 173 1684 214 79

130 279 304 320 fortuna
342 293 550 332 suspensa
587 280 732 320 omnia
768 279 980 334 utrimque
1019 282 1140 321 erant
1175 280 1343 335 integra
1381 294 1473 334 spe,
1516 279 1685 334 integro

130 338 265 387 metu,
297 337 413 378 velut
438 337 513 378 illo
539 341 731 391 tempore
757 337 944 391 primum
970 338 1128 379 bellum
1158 338 1403 392 inciperent.

248 394 538 437 Hannibalem
565 398 664 437 ante
691 395 834 437 omnia
867 396 1072 451 angebat,
1103 396 1215 450 quod
1249 395 1396 450 Capua
1426 396 1685 450 pertinacius
1701 395 1758 437 38

131 456 379 508 oppugnata
409 454 462 495 ab
494 453 699 496 Romanis
738 468 865 508 quam
898 454 1073 495 defensa
1104 455 1157 495 ab
1196 469 1240 495 se
1272 455 1503 496 multorum
1535 454 1686 496 Italiae

129 512 384 567 populorum
423 513 587 554 animos
620 514 850 565 averterat,
888 526 992 565 quos
1029 526 1165 565 neque
1197 527 1343 553 omnes
1381 515 1528 553 tenere
1565 527 1685 567 prae·
1713 523 1732 553 2

130 570 261 624 sidiis,
286 570 372 611 nisi
397 571 527 612 vellet
551 571 596 611 in
621 571 778 612 multas
804 583 1042 623 parvasque
1073 572 1218 623 partes
1245 584 1417 623 carpere
1445 571 1686 623 exercitum,

131 628 243 683 quod
281 629 456 670 minime
495 631 586 669 tum
621 627 889 681 expediebat,
928 630 1099 681 poterat
1128 641 1206 668 nec
1239 627 1427 669 deductis
1459 629 1685 682 praesidiis

130 687 221 741 spei
259 687 437 729 liberam
470 687 538 727 vel
570 686 799 727 obnoxiam
838 685 983 726 timori
1022 686 1231 727 sociorum
1269 686 1510 740 relinquere
1547 687 1685 728 fidem.

127 759 333 800 praeceps
375 745 420 786 in
458 744 681 786 avaritiam
721 745 762 784 et
807 743 1102 784 crudelitatem
1147 744 1313 785 animus
1361 744 1413 785 ad
1451 745 1686 799 spolianda,
1713 757 1733 786 3

130 817 236 858 quae
265 804 375 844 tueri
401 802 624 856 nequibat,
655 804 704 842 ut
729 804 898 843 vastata
923 802 1039 843 hosti
1064 803 1420 857 relinquerentur,
1451 803 1684 844 inclinavit.

128 862 171 903 id
202 861 372 903 foedum
399 860 621 902 consilium
648 874 743 901 cum
769 861 959 915 incepto,
991 862 1082 901 tum
1110 861 1240 902 etiam
1267 862 1381 902 exitu
1410 861 1502 903 fuit.
1551 875 1686 916 neque
1711 873 1734 903 4

131 921 243 961 enim
269 919 447 973 indigna
472 919 730 972 patientium
755 919 882 961 modo
909 919 1267 961 abalienabantur
1293 920 1444 974 animi,
1478 919 1551 961 sed
1577 923 1685 962 cete-

130 992 272 1020 rorum
300 978 448 1019 etiam:
483 978 640 1032 quippe
667 977 718 1019 ad
750 979 894 1032 plures
922 979 1161 1031 exemplum
1195 992 1323 1032 quam
1350 979 1565 1020 calamitas
1595 992 1686 1032 per-

128 1036 307 1078 tinebat.
356 1049 435 1077 nec
462 1036 608 1077 consul
632 1036 851 1078 Romanus
870 1036 1140 1090 temptandis
1166 1036 1361 1091 urbibus,
1389 1037 1562 1078 sicunde
1589 1051 1684 1090 spes
1713 1048 1733 1078 5

131 1095 274 1148 aliqua
307 1108 351 1136 se
383 1095 659 1147 ostendisset,
692 1095 848 1136 deerat.
900 1093 1099 1148 Salapiae
1130 1095 1347 1150 principes
1381 1097 1504 1136 erant
1525 1094 1685 1137 Dasius
1713 1107 1734 1137 6

130 1155 173 1194 et
209 1153 416 1207 Blattius3
453 1153 612 1194 Dasius
650 1152 884 1194 Hannibali
925 1154 1104 1208 amicus,
1141 1153 1349 1208 Blattius,
1392 1156 1599 1208 quantum
1637 1168 1688 1194 ex

129 1214 224 1253 tuto
262 1214 450 1267 poterat,
488 1227 576 1253 rem
608 1211 848 1253 Romanam
887 1212 1063 1254 fovebat
1101 1215 1143 1254 et
1183 1227 1259 1266 per
1292 1213 1478 1255 occultos
1510 1213 1686 1254 nuntios

176 1362 286 1408 velut]
315 1379 358 1391 =
384 1363 480 1397 velut
504 1363 553 1405 si,
580 1361 649 1397 wie
672 1362 767 1397 auch
793 1366 871 1397 tan-

130 1420 238 1453 quam
263 1409 358 1444 ohne
380 1410 413 1443 si
436 1408 496 1444 bei
517 1408 596 1443 Liv.
616 1409 721 1443 nicht
741 1409 870 1444 selten.

131 1456 190 1499 21,
200 1459 260 1500 5,1
275 1457 372 1491 velut
385 1457 417 1490 ei
427 1456 453 1489 I
452 1456 544 1490 talia
551 1457 746 1500 provincia
758 1483 870 1492 ......

130 1503 270 1538 decreta
295 1506 389 1538 esset.
437 1502 497 1545 24,
518 1506 551 1544 5,
571 1506 591 1537 2
617 1504 711 1538 velat
732 1524 774 1527 —
796 1503 871 1546 effi-

130 1560 205 1585 cere
228 1550 337 1585 vellet.

945 1361 1155 1397 teilichkeit
1198 1362 1261 1396 der
1307 1362 1461 1404 Quellen
1504 1363 1588 1397 sehr
1632 1373 1686 1397 er—

946 1409 1121 1451 schwert3
1167 1409 1261 1444 nach
1305 1408 1480 1453 Polybius
1524 1411 1687 1444 nannten

944 1455 1010 1490 ihn
1036 1455 1094 1490 die
1109 1456 1244 1490 Romer
1264 1452 1378 1500 ὠμὸς,
1406 1456 1464 1491 die
1478 1456 1688 1501 Karthager

945 1499 1172 1546 φιλάργυγος
1192 1519 1236 1531 =
1258 1503 1412 1537 crudelis
1430 1515 1464 1538 u.
1486 1514 1630 1539 avarus.
1643 1524 1687 1528 —

941 1560 1112 1594 praeceps
1137 1549 1271 1584 drfickt
1289 1549 1358 1584 wie
1378 1560 1522 1593 pronas
1544 1550 1615 1585 mit
1639 1551 1688 1585 ad

944 1596 1020 1630 und
1050 1597 1091 1631 in
1122 1596 1203 1631 eine
1229 1596 1488 1631 entschiedene
1514 1597 1688 1641 Neigung

944 1655 985 1677 zu
1019 1645 1132 1678 etwas
1164 1654 1244 1687 aus,-
1285 1643 1344 1687 25,
1372 1647 1427 1686 35,
1454 1647 1475 1677 4
1501 1644 1550 1678 ad
1574 1644 1688 1678 ullam

945 1691 1073 1725 bonam
1091 1701 1187 1735 spem
1200 1691 1366 1734 pronior.
1394 1690 1454 1734 29,
1468 1694 1522 1734 14,
1537 1694 1557 1725 2
1572 1691 1689 1735 proni

945 1765 1071 1772 .....
1093 1738 1141 1772 ad
1166 1738 1376 1772 nuntianda.
1398 1738 1582 1782 prodiyia.
1627 1737 1686 1780 30,

946 1788 1000 1827 12,
1029 1788 1070 1819 18
1100 1785 1140 1819 in
1174 1784 1341 1819 Venerem
1363 1795 1544 1828 praecepa

990 1843 1200 1888 inclinavit]
1235 1843 1300 1877 das
1333 1842 1510 1877 Aktivum
1542 1843 1580 1877 in
1613 1854 1687 1877 me-

945 1889 1061 1924 dialer
1103 1889 1324 1934 Bedeutung
1367 1889 1427 1924 bei
1465 1889 1544 1924 Liv.
1584 1889 1688 1924 nicht

945 1936 1072 1971 selten.
1113 1947 1143 1970 c.
1170 1940 1227 1978 40,
1257 1939 1299 1970 14
1324 1937 1613 1981 omnia'repente
1639 1938 1690 1971 ad

944 1983 1127 2018 Romanos
1165 1984 1442 2018 inclinaverant.
1494 1983 1559 2027 24,
1595 1986 1633 2026 8,
1665 1988 1685 2018 9

943 2030 1048 2072 favor
1090 2031 1293 2065 inclinavit.
1357 2030 1422 2074 27,
1462 2034 1499 2075 6,
1545 2034 1575 2064 3.
1627 2030 1690 2073 24,

946 2080 1007 2120 28,
1037 2081 1067 2111 3.

177 1630 206 1654 c.
228 1619 290 1655 38.
329 1612 565 1665 Ubergabe
588 1619 798 1664 Salapiae
819 1631 871 1655 an

130 1666 202 1702 die
230 1667 398 1701 Romer.

177 1714 317 1749 animos
349 1713 541 1758 averterat]
577 1713 697 1748 ‘hatte
729 1713 781 1748 sie
807 1714 869 1748 ab·

131 1760 293 1805 wendig,
321 1760 536 1805 abspenstig
562 1760 769 1804 gemacht’,
805 1772 870 1795 aus

131 1807 215 1842 dem
235 1807 572 1852 Vorhergehenden
592 1806 642 1841 ist
661 1819 683 1842 a
702 1818 738 1842 se
757 1807 872 1842 leicht

130 1866 175 1888 zu
195 1857 384 1899 erganzen.
418 1854 501 1898 Vgl.
524 1857 576 1896 §7
599 1855 643 1889 ab
663 1865 701 1889 re
725 1865 871 1890 aversas

132 1902 175 1930 ἓ-
187 1901 394 1945 abgeneigt.
422 1901 473 1935 Zu
485 1904 604 1936 averto
617 1918 659 1930 =
671 1901 872 1946 abgeneigt

130 1948 302 1983 macheu:
323 1947 382 1989 21,
405 1951 460 1991 19,
482 1952 502 1983 6
524 1951 720 1983 averterent
740 1960 761 1983 a
782 1948 870 1983 Poe-

130 1996 199 2029 nis.
244 1993 304 2037 24,
325 1999 356 2038 6,
378 1998 397 2028 9
425 1995 469 2029 ab
489 1994 675 2029 Romanis.
722 2005 751 2029 c.
774 1999 829 2039 29,
851 2000 870 2030 6

131 2042 176 2077 ab
203 2041 448 2086 Syracusanis
473 2053 507 2075 u.
535 2052 566 2076 a.

179 2099 340 2145 carpere]
350 2099 633 2144 ungewohnlich
642 2102 734 2136 statt
741 2101 870 2136 discer-

124 2157 212 2191 pere
237 2146 326 2181 oder
351 2147 529 2188 dividere,·
553 2159 622 2181 nur
646 2148 741 2182 noch
761 2148 796 2191 3,
815 2152 870 2191 61,

133 2197 174 2228 13
209 2194 251 2228 in
287 2194 402 2228 multa
432 2194 577 2238 proelia
609 2215 650 2219 ——
685 2199 872 2239 carperent

129 2251 304 2276 summam
335 2241 447 2275 annos
479 2240 587 2275 belli?
645 2241 696 2275 Zu
730 2243 873 2276 divido:

131 2285 197 2329 34,
232 2291 292 2331 11,
323 2291 344 2321 4
379 2291 419 2322 ut
450 2288 643 2323 dividendo
680 2289 873 2324 exercitum

132 2335 292 2369 minuere
316 2337 393 2370 tuto
417 2336 510 2369 vires
532 2338 658 2379 posset.

179 2393 255 2436 spei
280 2392 443 2437 liberam]
473 2393 555 2427 ‘frei
577 2393 636 2427 fiir
656 2392 871 2438 Hoffnung',

132 2439 325 2474 obnoxiam
350 2439 490 2473 timori:
519 2439 598 2474 ‘der
620 2440 872 2486 Beffirchtung

131 2484 227 2520 bloss
242 2485 419 2530 gestellt'.
434 2506 473 2510 —
492 2486 580 2521 liber
593 2487 660 2521 hat
673 2487 731 2522 die
744 2487 871 2529 Sache,

131 2533 202 2567 ffir
251 2532 420 2567 welche
467 2543 554 2566 man
599 2533 667 2567 frei
710 2534 776 2577 ist,
819 2535 869 2568 im

131 2579 243 2614 Dativ
288 2580 421 2613 ebenso
459 2579 657 2614 vereinzelt
699 2580 759 2615 bei
795 2581 872 2615 sich

131 2625 201 2661 wie
239 2636 374 2660 vacuus
411 2638 438 2660 z.
476 2625 517 2659 Β.
557 2626 597 2667 1,
635 2631 696 2668 46,
735 2631 754 2661 9
795 2638 873 2661 cam

131 2674 252 2708 domos
277 2683 412 2707 vacuas
441 2683 532 2707 novo
564 2674 793 2708 matrimonio
825 2674 872 2716 fe-

132 2720 261 2755 cissent
285 2720 359 2754 und
386 2719 421 2763 3,
447 2722 504 2762 28,
533 2723 562 2754 7.
614 2720 698 2764 Vgl.
726 2720 874 2755 liberius

133 2767 283 2812 fingenti
307 2770 326 2808 ἓ
355 2770 407 2802 10.

180 2829 212 2859 3.
237 2835 407 2869 praeceps
438 2827 478 2860 in
511 2826 707 2860 avaritiam
738 2828 769 2859 et
795 2836 873 2860 crn-

132 2871 309 2906 delitatem
340 2872 500 2917 animas]
535 2872 595 2906 die
632 2872 875 2916 Beurteilung

132 2929 203 2952 von
235 2918 298 2952 Hs
329 2918 532 2953 Charakter
562 2919 610 2954 ist
642 2918 755 2953 durch
787 2918 874 2953 Par-

991 2139 1022 2170 4.
1061 2136 1219 2181 foedum]
1266 2135 1325 2170 ein
1368 2136 1428 2171 bei
1469 2135 1547 2171 Liv.
1593 2135 1688 2170 efter

945 2182 1288 2217 wiederkehrender
1297 2181 1686 2227 Gedanke2vg1.p2·ae-

944 2230 1010 2272 fat.
1037 2233 1056 2272 ξ
1082 2233 1141 2264 10:
1173 2230 1316 2272 foedum
1347 2231 1510 2273 incepta,
1545 2230 1689 2272 foedam

945 2277 1054 2311 exitu.
1077 2297 1119 2301 ——
1141 2277 1265 2319 foedus
1286 2293 1328 2305 =
1350 2276 1491 2311 sittlich
1511 2277 1689 2320 schleclst,

946 2321 1111 2367 αἰσχρός,
1139 2323 1198 2367 32,
1225 2327 1281 2367 26,
1309 2327 1339 2358 8.
1378 2323 1439 2368 40,
1465 2327 1497 2368 4,
1526 2328 1555 2358 1.

994 2386 1026 2416 5.
1052 2383 1201 2416 sicunde
1228 2402 1267 2405 ——
1296 2392 1375 2425 spes
1404 2393 1440 2417 se
1465 2382 1686 2427 ostendisset]

945 2429 1093 2463 sicunde
1114 2445 1156 2457 =
1178 2429 1210 2463 si
1236 2429 1419 2464 alicunde:
1455 2429 1509 2464 ‘so
1537 2429 1590 2464 oft
1614 2440 1688 2464 von

944 2475 1077 2521 irgend
1109 2476 1267 2517 woher'3
1307 2475 1373 2510 das
1405 2476 1514 2511 Wort
1544 2476 1689 2511 kommt

945 2535 1014 2556 nur
1044 2523 1124 2557 hier
1155 2533 1220 2557 vor
1251 2521 1313 2556 bei
1343 2523 1441 2566 Liv.;
1472 2523 1590 2558 sicubi
1620 2523 1690 2556 mit

946 2569 1030 2604 dem
1051 2569 1153 2614 Conj.
1174 2569 1367 2604 iterat-ivus
1388 2570 1556 2615 dagegen
1576 2569 1611 2613 3,
1632 2573 1687 2612 63,

947 2620 977 2650 3.
1018 2616 1084 2659 21,
1112 2620 1172 2659 50,
1200 2620 1219 2651 3
1246 2617 1364 2651 sicubi
1389 2620 1551 2651 conserta
1582 2617 1688 2651 navis

946 2666 1040 2697 esset.

995 2725 1025 2755 6.
1053 2720 1243 2766 Salapiae]
1272 2721 1353 2755 eine
1378 2720 1502 2755 kleine
1518 2720 1625 2755 Stadt
1649 2720 1688 2754 in

946 2766 1108 2810 Apulien
1137 2767 1175 2801 in
1208 2767 1273 2802 der
1303 2767 1410 2802 Nahe
1442 2767 1504 2802 des
1538 2767 1687 2802 adriati—

948 2814 1057 2848 seben
1084 2814 1234 2849 Meeres.

994 2872 1150 2918 fovebat]
1217 2872 1287 2917 eig.
1340 2889 1382 2901 =
1432 2872 1686 2915 warmhalten,

947 2919 1103 2964 pflegen,
1129 2929 1200 2954 von
1224 2918 1476 2954 Krankheiten
1502 2919 1686 2962 entlehnt3
