2000 3338
200 263 220 294 2
247 267 296 294 ac
327 256 443 294 metu
475 251 645 292 fuerint.

251 144 305 187 78
755 144 900 180 LIBER
924 144 1054 179 XXVI.
1106 143 1207 179 CAP.
1235 149 1290 180 37.

1642 161 1670 179 a.
1690 162 1718 179 u.
1741 155 1803 180 544..

704 264 807 291 nam
839 249 1046 290 Romanis
1078 251 1121 290 et
1150 250 1195 289 in
1225 251 1475 303 provinciis,
1511 251 1613 292 hinc
1650 251 1696 292 in
1726 249 1806 291 Hi-

248 311 398 365 spania
431 309 633 350 adversae
663 321 748 361 res,
779 307 880 349 hinc
910 320 1139 361 prosperae
1170 307 1215 347 in
1241 305 1388 349 Sicilia
1417 308 1579 350 luctum
1608 311 1652 351 et
1681 309 1803 350 laeti-

199 380 220 411 3
246 369 353 410 tiam
385 367 663 419 miscuerant,
701 368 744 406 et
774 366 820 406 in
851 365 978 406 Italia
1011 379 1105 406 cum
1138 364 1372 406 Tarentum
1404 367 1606 408 amissum
1645 367 1804 409 damno

246 429 289 467 et
320 425 476 478 dolori,
506 426 599 465 tum
630 439 705 465 arx
737 437 832 465 curn
864 423 1077 477 praesidio
1102 425 1269 464 ret-enta
1299 426 1470 476 praeter
1495 439 1614 478 spem
1645 425 1803 480 gaudio

199 496 220 526 4
245 484 343 538 fuit3
382 486 426 524 et
461 485 669 524 terrorem
703 482 892 523 subitum
933 495 1220 535 pavoremque
1258 481 1376 523 urbis
1407 481 1571 523 Romae
1603 483 1803 524 obsessae

247 545 289 583 et
314 543 588 596 oppugnatae
609 539 756 595 Capua
780 543 881 594 post
906 540 996 581 dies
1020 553 1179 594 paucos
1207 542 1335 593 capta
1357 540 1401 581 in
1426 540 1640 582 laetitiam
1664 541 1806 582 vertit.

199 612 218 642 5
245 600 557 641 transmarinae
608 613 775 654 quoque
817 614 885 640 res
936 598 1119 653 quadam
1167 597 1259 639 vice
1308 601 1529 652 pensatae:
1579 597 1808 653 Philippus*
1878 620 1882 621 ⁷

244 658 383 700 hostis
420 660 613 712 tempore
649 657 763 699 haud
802 657 906 699 satis
940 659 1183 711 opportuno
1221 656 1377 711 factus,
1413 656 1560 699 Aetoli
1597 656 1700 699 novi
1732 657 1805 698 ad-

246 717 342 758 sciti
381 717 485 758 socii
516 716 772 770 Attalusque
809 715 941 756 Asiae
977 730 1068 768 rex,
1110 715 1197 756 iam
1235 715 1353 756 velut
1390 715 1682 769 despondente
1719 714 1808 756 for-

199 787 219 818 6
244 778 351 817 tuna
382 774 589 816 Romanis
621 774 848 827 imperium
881 773 1068 815 orientis.
1119 771 1496 828 Carthaginienses
1530 787 1698 828 quoque
1725 770 1806 814 Ca·

245 847 355 888 puae
393 833 576 874 amissae
607 832 840 874 Tarentum
879 833 1052 885 captum
1090 832 1349 886 aequabant,
1387 834 1430 874 et
1468 835 1512 873 ut
1551 832 1604 874 ad
1635 831 1807 873 moenia

246 891 365 932 urbis
384 890 605 932 Romanae
637 890 757 931 nullo
790 889 1045 943 prohibente
1079 904 1123 930 se
1153 890 1397 943 pervenisse
1428 891 1472 932 in
1507 890 1648 945 gloria
1678 903 1806 945 pone-

246 950 370 1003 bant,
413 950 476 990 ita
512 948 688 1003 pigebat
724 948 835 989 irriti
873 947 1049 1002 incepti,
1089 948 1363 1002 'pudebatque
1401 949 1505 991 adeo
1545 963 1590 991 se
1628 951 1808 1003 spretos,

200 1021 218 1051 7
245 1011 293 1049 ut
339 1008 586 1049 sedentibus
630 1007 734 1061 ipsis
774 1006 826 1047 ad
864 1006 1060 1047 Romana
1096 1007 1265 1047 moenia
1309 1007 1393 1048 alia
1433 1009 1560 1060 porta
1597 1007 1807 1049 exercitus

199 1077 219 1109 8
245 1067 464 1108 Romanus
504 1066 548 1106 in
593 1065 852 1119 Hispaniam
896 1065 1131 1106 duceretur.

1190 1064 1309 1118 ipsae
1351 1079 1517 1119 quoque
1557 1065 1808 1120 Hispaniae,

247 1140 331 1179 quo
364 1125 540 1179 propius
573 1139 692 1177 spem
721 1126 928 1165 venerant
957 1123 1092 1164 tantis
1125 1123 1290 1164 duobus
1323 1123 1499 1165 ducibus
1532 1124 1807 1166 exercitibus-

246 1198 326 1238 que
365 1184 499 1224 caesis
538 1182 800 1224 debellatum
838 1182 899 1223 ibi
937 1196 986 1223 ac
1026 1182 1173 1235 pulsos
1211 1182 1308 1223 inde
1345 1182 1564 1224 Romanos
1603 1196 1713 1236 esse,
1757 1195 1806 1224 eo

244 1242 360 1296 plus,
405 1242 458 1283 ab
501 1240 548 1282 L.
585 1241 748 1282 Marcio
792 1241 1073 1282 tumultuario
1115 1240 1219 1282 duce
1258 1241 1310 1282 ad
1355 1255 1514 1282 vanum
1552 1243 1594 1282 et
1636 1240 1808 1282 irritum

199 1312 218 1344 9
246 1301 472 1342 victoriam
492 1299 708 1341 redactam
730 1314 835 1354 esse,
854 1299 1163 1355 indignationis
1194 1299 1472 1353 praebebant.
1513 1300 1576 1341 ita
1597 1301 1810 1354 aequante

292 1397 395 1428 2-5.
434 1392 590 1426 Erster
617 1391 716 1426 Teil
748 1391 824 1426 der
848 1384 988 1426 Uber-

247 1440 386 1482 sicht3
436 1439 696 1484 Darlegung
748 1439 822 1474 der
870 1438 989 1483 Lage

245 1486 350 1521 Rom
361 1497 387 1521 s.
421 1485 492 1520 Mit
511 1489 543 1520 et
563 1506 606 1511 —-
627 1489 659 1520 et
678 1506 722 1511 —-
743 1489 774 1520 et
793 1506 834 1510 —
853 1496 990 1530 quoque

245 1533 395 1567 werden
413 1533 492 1567 vier
511 1532 660 1568 Glieder
682 1533 902 1578 eingeftihrt‚
930 1532 989 1566 die

245 1580 283 1614 in
321 1579 398 1614 sich
435 1579 572 1615 wieder
603 1580 672 1614 mit
703 1581 789 1614 hinc
820 1600 863 1605 —
894 1580 989 1623 hinc,

246 1637 327 1662 cum
346 1647 389 1651 —
411 1630 499 1670 tamn,
522 1626 641 1661 Roma
658 1647 704 1652 —
726 1626 872 1671 Capua,
901 1626 989 1660 Phi-

246 1674 368 1718 lippus
388 1694 432 1699 —-
455 1674 576 1709 Aetoli
596 1673 634 1718 je
659 1673 696 1708 in
723 1672 813 1708 zwei
837 1673 990 1708 Halften

246 1720 433 1755 zerfallen.

293 1768 427 1802 luctum
451 1771 483 1802 et
505 1767 695 1812 laetitiam]
717 1766 988 1802 alliterierende

218 1835 222 1838 ⁴
246 1814 502 1859 Verbindung,
536 1815 604 1849 wie
637 1814 762 1849 solche
787 1814 866 1848 Liv.
895 1814 990 1849 liebt

246 1874 278 1895 u.
299 1861 338 1896 in
358 1862 540 1896 manchen
561 1860 989 1906 Zusammenstellungen

246 1908 462 1943 formelhaft
492 1909 714 1943 verwendet.
754 1911 773 1950 ξ
800 1912 820 1942 3
854 1909 988 1943 damno

246 1959 277 1990 et
297 1956 422 1991 dolori.
457 1958 476 1997 ξ
492 1960 513 1990 4
527 1956 684 1990 obsessae
703 1958 735 1990 et
748 1958 988 2000 oppuynatae.

246 2002 287 2046 6,
320 2006 358 2046 3,
395 2006 415 2036 4
449 2003 583 2038 luctum
614 2003 870 2047 lacrimasque,
907 2002 989 2037 ebd.

247 2054 265 2092 ξ
287 2054 307 2084 6
334 2049 574 2094 conylobandi
600 2050 830 2094 coeundique.
868 2049 928 2092 26,
956 2053 988 2091 6,

248 2101 291 2132 16
303 2096 398 2139 fame
410 2097 585 2140 ferroque.
617 2101 675 2139 49,
698 2100 738 2130 11
755 2107 844 2131 cura
857 2096 989 2131 cultus-

245 2154 320 2189 que.
361 2155 389 2178 c.
418 2147 480 2186 50,
509 2147 551 2178 13
578 2144 796 2188 beniynitate
822 2154 865 2178 ac
891 2144 988 2177 bene-

245 2191 357 2233 fieiis;
383 2201 412 2225 c.
440 2193 502 2233 39,
538 2194 577 2224 11
605 2191 642 2225 vi
671 2201 713 2225 ac
739 2191 870 2224 virtute
896 2201 929 2223 u.
957 2199 988 2224 a.

293 2241 324 2272 3.
341 2249 410 2272 arae
423 2237 576 2283 retenta]
592 2237 666 2272 ‘die
680 2235 988 2282 gliicklicheVer-

245 2284 472 2329 teidigung’;
498 2284 694 2319 stehender
709 2284 900 2318 Ausdruck
918 2295 990 2318 von

246 2331 341 2374 dem,
356 2342 430 2365 was
442 2341 527 2365 man
539 2332 609 2366 mit
616 2331 762 2366 Waffen
773 2330 989 2375 behauptet,

245 2378 420 2412 wahrend
446 2378 510 2412 der
534 2378 650 2413 Feind
682 2378 835 2412 anderes
862 2378 899 2412 in
923 2378 989 2412 Be—

246 2425 314 2459 sitz
346 2425 490 2459 nimmt.
529 2436 558 2460 c.
587 2429 641 2468 39,
669 2430 706 2459 11
742 2428 878 2460 retenta
907 2435 988 2468 pos·

244 2472 396 2506 sessione
416 2472 522 2506 arcis.
550 2471 609 2514 ⁶33,
636 2476 692 2515 30,
715 2477 732 2506 7
758 2483 828 2506 ara:
848 2474 989 2506 tantum

245 2522 393 2554 retenta.
420 2518 480 2561 24,
507 2522 563 2562 39,
592 2523 622 2553 7.

294 2571 325 2600 5.
345 2567 503 2610 quadam
520 2566 595 2601 vice
608 2566 798 2611 pensatae]
826 2565 989 2609 ‘glichen

247 2613 323 2647 sich
356 2613 471 2647 durch
504 2612 563 2647 ein
595 2612 768 2657 gewisses
802 2612 988 2647 Wechscl-

246 2659 463 2695 verhaltniss
494 2671 577 2700 ausu
616 2671 745 2703 wogen
779 2659 855 2694 sich
883 2660 990 2694 unter

246 2707 421 2741 einander
447 2706 537 2742 auf’.
565 2706 631 2750 27,
651 2711 713 2749 40,
734 2711 754 2741 2
781 2707 900 2741 adhuc
925 2707 987 2741 ad-

248 2765 347 2788 versa
372 2755 537 2788 semcmlis
557 2755 748 2798 pensando
779 2765 850 2788 rem
877 2754 925 2788 ad
951 2754 990 2788 icl

246 2804 382 2844 tempus
400 2804 597 2836 ertractam
613 2812 683 2835 csse
695 2802 784 2841 (vice
798 2801 834 2835 in
850 2800 988 2836 diesem

247 2847 356 2881 Sinne
382 2848 441 2882 bei
462 2849 539 2882 Liv.
565 2860 632 2882 nur
652 2848 802 2883 Ablativ
825 2848 856 2890 7,
879 2852 933 2891 31,
956 2852 987 2882 6.

245 2895 318 2929 vice
344 2896 577 2936 sbrtharum
602 2900 780 2930 suarum).

1109 1391 1256 1437 adsciti]
1291 1391 1388 1426 adse.
1414 1391 1514 1426 steht
1540 1391 1728 1426 entweder
1752 1390 1810 1426 als

1061 1438 1159 1473 verb.
1187 1437 1332 1473 transit.
1359 1437 1428 1472 mit
1449 1437 1807 1483 Objektsaecusativ,

1063 1485 1151 1519 oder
1176 1484 1245 1519 mit
1271 1486 1311 1520 iu
1332 1485 1407 1519 und
1428 1486 1476 1519 ad
1494 1485 1718 1528 verbunden,
1744 1495 1808 1519 zur

1061 1532 1320 1577 Bezeichnung
1355 1532 1418 1567 des
1449 1531 1737 1575 Verhffltnisses,
1767 1531 1808 1566 in

1063 1579 1128 1613 das
1151 1578 1238 1621 jem.
1260 1579 1544 1624 aufgenommen
1566 1578 1674 1613 wird:
1701 1589 1808 1623 ρεπεν

1063 1626 1243 1668 adscitus;
1278 1626 1326 1660 ad
1362 1626 1579 1668 societatem,
1616 1636 1728 1670 spem,
1767 1626 1808 1660 in

1058 1674 1240 1716 patriam,
1282 1673 1323 1707 in
1358 1672 1556 1716 familiam,
1599 1673 1640 1706 in
1680 1683 1808 1708 nomen

1062 1720 1269 1756 adsciscere.

1111 1781 1213 1813 6—9.
1243 1778 1433 1813 Zweiter
1453 1776 1553 1812 Teil
1573 1777 1649 1813 der
1668 1770 1807 1813 Uber-

1063 1825 1199 1867 sicht3
1248 1825 1366 1869 Lage
1417 1824 1492 1859 der
1541 1824 1808 1870 Karthager.

1061 1872 1167 1907 Auch
1193 1872 1273 1907 hier
1298 1871 1417 1907 bildet
1442 1871 1520 1906 Liv.
1548 1871 1627 1907 vier
1647 1871 1808 1917 Glieder,

1062 1919 1121 1953 die
1141 1919 1211 1954 mit
1236 1930 1372 1964 quoque
1391 1938 1435 1943 —
1456 1922 1488 1953 et
1508 1939 1550 1944 -
1572 1930 1638 1964 que
1658 1939 1702 1944 ——
1721 1929 1808 1964 quo-

1061 1977 1128 2010 que
1162 1966 1372 2011 eingefiihrt
1403 1965 1550 2000 werden
1588 1966 1662 2000 und
1700 1968 1809 2001 unter

1062 2013 1141 2048 sich
1173 2013 1239 2047 mit
1274 2012 1403 2057 Capua
1436 2033 1478 2037 —
1516 2013 1548 2046 T
1548 2016 1734 2055 arentum;
1767 2016 1809 2047 ut.

1063 2080 1105 2085 -—
1123 2061 1174 2095 ita
1182 2074 1193 2102 ,·
1221 2061 1311 2104 ipsis
1331 2080 1374 2084 —
1394 2060 1590 2102 exercitus;
1615 2070 1684 2104 quo
1706 2080 1747 2085 -
1770 2070 1808 2095 co

1058 2107 1096 2152 je
1122 2107 1160 2142 in
1187 2107 1277 2142 zwei
1303 2106 1454 2142 Halften
1480 2107 1665 2142 zerfallen.

1108 2166 1149 2200 in
1186 2166 1306 2210 ylorz'a
1336 2165 1538 2210 ponebant]
1577 2165 1647 2200 ‘als
1683 2165 1805 2200 riihm—

1061 2212 1136 2247 lich
1171 2211 1390 2255 hinstellen,
1428 2224 1511 2246 zum
1549 2212 1694 2247 Ruhme
1728 2211 1808 2246 sich

1062 2259 1305 2294 anrechnen’.
1374 2259 1456 2304 Vgl.
1503 2258 1569 2301 34,
1614 2263 1651 2302 5,
1695 2263 1715 2294 3
1767 2259 1808 2294 in

1062 2307 1173 2341 dubio
1193 2317 1328 2350 ponere
1343 2323 1385 2334 =
1401 2306 1455 2340 als
1479 2305 1702 2341 zweifelhaft
1727 2305 1808 2341 hin-

1062 2353 1204 2388 stellen.

1111 2417 1141 2447 8.
1158 2413 1313 2456 propius
1326 2422 1421 2456 spem
1436 2431 1478 2437 -
1494 2412 1706 2446 debellatum
1719 2411 1806 2458 esse]

1063 2459 1167 2494 Nach
1201 2459 1272 2494 den
1299 2459 1429 2493 Verbis
1463 2459 1526 2493 des
1552 2457 1702 2493 Hoffens
1731 2459 1807 2493 und

1061 2506 1301 2541 verwandten
1332 2505 1574 2540 Ausdrticken
1610 2506 1711 2540 steht
1741 2504 1807 2539 dex·

1064 2553 1128 2587 Ins.
1157 2553 1269 2596 Peri,
1296 2565 1357 2587 um
1384 2565 1427 2587 zu
1453 2552 1694 2595 bezeichnen,
1726 2550 1806 2586 dass

1063 2600 1120 2635 die
1158 2601 1379 2645 Erwartung
1423 2599 1502 2635 eine
1545 2599 1687 2634 sichero
1730 2597 1806 2633 und

1063 2647 1122 2682 die
1155 2647 1272 2682 Sache
1305 2647 1417 2682 schon
1454 2657 1493 2681 so
1531 2647 1598 2690 gut
1635 2644 1705 2681 wie
1743 2644 1804 2681 ab·

1063 2694 1237 2740 gemacht
1263 2705 1431 2738 gewesen
1459 2693 1522 2728 sei.

1110 2757 1140 2788 9.
1170 2757 1344 2797 aequante:
1369 2751 1534 2796 fortuna]
1563 2751 1632 2785 mit
1663 2750 1803 2785 senlen-

1062 2800 1145 2835 dem
1187 2799 1340 2844 (mjekt,
1386 2798 1542 2833 welches
1580 2809 1644 2832 aus
1682 2798 1804 2832 omnia

1062 2850 1296 2881 entnommen
1340 2845 1485 2880 werden
1531 2845 1646 2886 kann:
1692 2855 1804 2889 unge-

1061 2893 1257 2929 wbbnlich.
