2000 3338
253 184 339 227 116
644 173 652 180 ’
763 179 1058 218 KRITISCHER
1082 165 1300 218 ANHANG.

347 290 397 324 ib.
432 292 473 323 13
506 291 621 323 aetate
652 290 684 322 et
713 287 833 330 forma
863 289 1028 332 florentes
1058 287 1157 322 cirea
1187 299 1264 322 eam
1295 291 1400 323 erant
1430 288 1607 329 Indebilis
1636 288 1750 335 filiae]
1777 291 1810 324 et
1857 331 1859 333 q

253 339 368 372 aetate
397 339 430 370 et
460 335 581 378 forma
604 335 630 376 f.
657 345 685 369 e.
711 345 789 370 eam
819 333 996 369 Indibilis
1018 333 1118 377 filiae
1141 337 1247 369 erant
1269 334 1366 369 nach
1391 335 1523 370 Luchs.
1571 335 1628 370 Da
1653 335 1690 372 S.
1716 336 1810 371 stau

254 382 318 417 des
343 382 381 416 in
401 381 440 416 P.
467 380 732 416 fiberlieferten
764 383 887 426 (cura)
910 381 1074 416 stimulat
1097 392 1168 415 nur
1190 381 1300 416 simul
1323 381 1402 424 hat,
1433 382 1618 416 vemutet
1640 381 1726 427 Leo,
1752 382 1807 416 rh.

252 429 345 463 Mus.
373 431 435 472 35,
466 439 500 472 p.
534 431 601 462 237
635 428 712 462 alia
742 439 796 462 me
826 428 930 473 angit
957 438 1049 463 ewra
1073 430 1223 462 aetatem
1246 428 1378 464 harum
1401 428 1598 464 intuentem
1621 454 1806 465 ......

254 503 260 510 .
289 504 296 512 .
324 502 332 510 .
358 475 477 510 Simul
507 478 539 510 et
569 477 684 510 aetate
713 479 746 510 et
775 475 896 518 forma
926 477 958 510 et
982 485 1013 519 q.
1039 484 1086 517 3.,
1116 474 1188 509 mit
1218 474 1422 510 Rficksicht
1451 473 1517 509 auf
1546 475 1619 510 den
1649 474 1807 520 Sprach-

252 521 456 566 gebrauch‚
489 521 554 556 der
585 522 675 556 stete
706 532 797 556 eura
826 522 931 567 anyit
960 521 1154 566 vex-lange,
1187 520 1292 556 nicht
1323 522 1498 557 stimulat.
1537 521 1604 565 27,
1633 524 1690 564 40,
1715 526 1748 557 2.
1776 525 1809 557 7.

252 568 312 613 47,
339 573 371 610 5,
398 571 429 603 8.

349 619 405 658 50,
433 619 453 650 9
479 615 681 650 adolescens
705 615 829 661 simul]
857 626 937 651 cum
962 615 1165 650 adolescens
1188 615 1297 650 simul
1322 614 1358 651 S.

348 662 533 708 invocare]
559 663 742 698 invocaret
767 662 806 697 P.
834 661 868 696 S.

348 712 454 754 atque
478 709 580 744 illius
604 720 690 754 erya
713 719 749 744 se
773 709 875 754 esset]
901 712 950 745 at.
976 709 1001 743 i.
1028 720 1114 754 crya
1137 720 1173 743 se
1197 709 1323 744 merito
1348 712 1434 744 esset
1460 709 1494 744 S.

350 760 410 799 51,
437 759 458 790 2
489 756 578 791 data
608 756 857 800 quinquereme
887 756 1108 800 captivisque
1137 759 1168 791 et
1193 755 1374 802 Mayone]
1406 757 1495 792 data
1520 756 1770 800 quinquereme
1793 766 1812 792 e

254 803 409 848 captivis
433 808 538 848 atque
566 803 727 848 Mayone
752 801 824 836 Md.
852 813 920 836 em.
947 803 988 838 L.
1014 814 1048 847 p.
1077 806 1156 837 390.
