2000 3338
177 1182 230 1224 27

243 135 298 178 56
701 136 846 172 LIBER
869 137 999 171 XXVI.
1050 137 1150 172 CAP.
1177 141 1232 173 26.
1260 140 1314 172 27.

1629 153 1656 172 a.
1676 153 1705 171 11.
1725 147 1787 172 543»

197 255 217 288 7
244 244 420 286 crimina
458 243 556 285 ficta
587 243 641 283 ab
678 242 864 283 inimicis
895 242 1094 296 vulgare,
1133 245 1199 292 ut,
1235 243 1281 283 ni
1319 242 1568 285 simularent
1604 243 1790 298 aliquem

245 303 323 345 sibi
353 303 551 343 timorem
583 300 760 342 absente
790 300 954 354 collega
985 299 1149 341 dicendi
1181 299 1231 341 de
1263 300 1434 341 consule
1465 314 1574 356 esse,
1605 303 1696 356 ipse
1729 302 1790 343 eis

244 360 455 413 extemplo
487 358 662 400 daturus
689 360 880 400 senatum
911 358 1051 400 fuerit.
1103 358 1178 399 ubi
1211 357 1380 412 quidem
1406 358 1568 415 collega
1592 361 1793 415 venisset,

242 432 328 460 non
359 431 586 472 passurum
618 417 844 472 quicquam
875 417 992 470 prius
1022 417 1110 472 agi,
1140 431 1268 471 quam
1299 419 1348 457 ut
1367 415 1495 458 Siculi
1525 418 1570 459 in
1594 423 1790 460 senatum

198 488 217 520 8
243 476 578 518 introducantur.

640 475 841 517 dilectum
878 489 1011 529 prope
1043 490 1069 516 a
1098 474 1155 516 M.
1188 474 1383 517 Cornelio
1414 489 1489 530 per
1519 478 1655 518 totam
1688 476 1791 519 Sici-

242 535 345 577 liam
369 534 575 588 habitum,
601 536 650 575 ut
670 548 796 588 quam
822 534 996 589 plurimi
1022 536 1218 589 questum
1242 534 1292 575 de
1314 548 1358 575 se
1377 533 1558 575 Romam
1577 535 1790 590 venirent3

244 593 420 635 eundem
457 593 613 634 litteris
650 593 768 634 falsis
806 593 954 634 urbem
991 593 1191 646 implesse
1227 592 1387 634 bellum
1424 592 1469 633 in
1507 590 1652 634 Sicilia
1688 607 1796 647 esse,

196 664 216 695 9
243 655 292 694 ut
311 667 431 694 suam
450 651 618 694 laudem
637 652 814 693 minuat.
856 651 1064 693 moderati
1089 652 1219 692 animi
1245 651 1428 706 gloriam
1448 665 1497 692 eo
1523 651 1589 692 die
1616 650 1794 705 adeptus

246 711 391 753 consul
435 713 628 752 senatum
671 710 848 753 dimisit:
900 724 948 751 ac
990 724 1124 765 prope
1165 710 1378 751 iustitium
1422 709 1611 751 omnium
1653 723 1795 751 rerum

177 781 220 814 10
244 770 435 811 futurum
454 769 697 822 videbatur,
722 769 855 810 donec
876 768 984 809 alter
1003 769 1148 810 consul
1169 769 1222 810 ad
1241 769 1389 810 urbem
1410 768 1610 810 venisset,
1649 768 1798 822 otium,

245 831 294 870 ut
319 823 445 881 solet,
477 827 678 868 excitavit
708 826 846 880 plebis
871 840 1081 868 rumores:
1114 827 1214 868 belli
1239 827 1563 869 diuturnitatem
1588 829 1630 868 et
1654 830 1796 869 vasta—

244 889 312 928 tos
339 899 466 942 agros
493 885 606 927 circa
635 885 802 938 urbem,
835 899 917 939 qua
948 884 1102 926 infesto
1136 886 1305 940 agmine
1336 886 1441 927 isset
1459 885 1695 939 Hannibal,
1727 899 1796 926 ex—

245 946 444 987 haustam
476 944 699 986 dilectibus
723 943 894 985 Italiam
921 945 963 985 et
993 957 1125 998 prope
1158 944 1387 999 quotannis
1413 959 1559 986 caesos
1585 944 1798 986 exercitus

177 1017 218 1047 11
246 1004 548 1060 querebantur,
580 1005 623 1044 et
647 1002 841 1044 consules
872 1002 1100 1044 bellicosos
1135 1003 1260 1043 ambo
1293 1002 1407 1044 viros
1438 1017 1637 1058 acresque
1667 1003 1797 1045 nimis

247 1066 291 1104 et
325 1063 488 1105 feroces
527 1063 709 1115 creatos,
748 1061 819 1115 qui
849 1061 916 1102 vel
948 1061 994 1102 in
1024 1075 1128 1115 pace
1159 1061 1391 1115 tranquilla
1420 1061 1581 1103 bellum
1614 1063 1799 1104 excitare

245 1123 439 1177 possent,
468 1120 626 1162 nedum
657 1120 703 1161 in
734 1120 845 1161 bello
877 1120 1087 1174 respirare
1120 1119 1336 1161 civitatem
1367 1119 1509 1161 forent
1539 1121 1717 1174 passuri.

363 1179 598 1233 Interrupit
633 1179 714 1220 hos
752 1192 967 1220 sermones
1005 1181 1148 1233 nocte,
1187 1193 1293 1233 quae
1329 1178 1466 1232 pridie
1505 1178 1799 1234 Quinquatrus

201 1251 221 1282 2
247 1239 346 1293 fuit,
374 1238 568 1293 pluribus
595 1238 721 1279 simul
746 1237 852 1279 locis
880 1237 989 1279 circa
1014 1237 1155 1279 forum
1180 1237 1421 1279 incendium
1448 1240 1600 1279 ortum.
1650 1237 1799 1279 eodem

246 1301 438 1352 tempore
483 1299 646 1351 septem
689 1297 909 1351 tabernae,
959 1310 1064 1351 quae
1113 1299 1264 1351 postea
1308 1296 1511 1351 quinque,
1558 1300 1600 1338 et
1650 1309 1800 1352 argen-

297 1442 327 1472 7.
360 1437 401 1471 ni
435 1436 649 1471 simularent
673 1456 717 1461 —
743 1436 898 1470 daturus
927 1435 986 1477 fu-

248 1484 331 1530 erit]
353 1484 418 1518 der
436 1483 629 1529 Folgesatz
651 1483 716 1517 der
735 1482 892 1517 irrealen
911 1482 987 1526 Hy-

248 1531 414 1576 pothesis
443 1530 507 1565 der
530 1529 862 1575 Vergangenheit
852 1541 892 1563 m
915 1540 987 1564 von

248 1578 343 1623 Konj
348 1577 553 1613 unktionen
572 1577 642 1612 mit
659 1577 741 1611 dem
757 1576 988 1622 Konjunktiv

248 1590 485 1671 abh'angigen
505 1625 637 1659 Satzen
662 1623 755 1658 wird
775 1624 868 1658 auch
890 1623 987 1658 daun

249 1673 364 1708 durch
391 1672 456 1706 das
475 1671 570 1706 Perf.
589 1670 789 1716 Konjunkt.
817 1671 881 1706 der
907 1681 989 1705 con-

249 1719 391 1765 iugatio
423 1718 695 1764 periphrastica
726 1717 986 1763 ausgedriickt‚

249 1777 359 1802 wenn
369 1766 434 1801 der
441 1765 671 1811 bedingende
681 1764 775 1809 Satz,
796 1765 861 1799 als
876 1775 928 1799 au
937 1764 988 1799 ch

211 1839 213 1841 -
250 1814 321 1849 fur
353 1813 424 1848 die
450 1812 718 1858 Gegenwart
741 1811 911 1857 gfiltig,
936 1812 988 1846 im

250 1860 398 1906 Imperf.
432 1860 546 1904 steht,
577 1860 652 1905 vgl.
680 1871 707 1895 0.
735 1863 797 1903 31,
826 1864 842 1894 1
870 1862 926 1903 ut,
958 1859 990 1893 si

251 1909 293 1944 de
317 1918 391 1943 meo
416 1908 565 1943 crimine
589 1907 838 1952 ambiyeretur,
867 1906 991 1941 consul

253 1956 417 1991 dicturus
442 1965 588 1989 causam
615 1981 763 1989 .....
790 1953 933 1996 fuerim.

299 2013 373 2038 non
399 2029 546 2037 .....
568 2002 677 2046 prius
713 2012 822 2046 quam
852 2000 908 2046 ut]
942 2000 992 2034 ist

252 2048 478 2084 konstruiert
507 2049 573 2083 wie
599 2048 992 2093 Vergleiehungssatze

251 2096 322 2131 mit
346 2097 490 2141 potius,
520 2096 628 2130 eitius
658 2107 782 2140 quam,
810 2095 848 2129 in
874 2094 993 2129 denen

251 2143 329 2180 Liv.
363 2143 433 2178 den
466 2143 727 2188 verglichenen
758 2141 991 2187 Gegenstand

252 2189 516 2236 regelm'assig
507 2201 559 2224 1m
573 2189 802 2235 Konjunktiv
822 2188 893 2223 mit
906 2188 994 2249 oder

254 2238 348 2273 ohne
374 2241 414 2272 ut
439 2237 610 2272 einfuhrt.

301 2289 332 2320 9.
371 2285 552 2319 iustitium
576 2285 734 2319 omnium
759 2282 900 2327 rerum]
928 2281 992 2316 der

254 2331 629 2375 Gerichtsstillstand,
668 2332 732 2365 der
767 2330 807 2365 in
832 2329 992 2374 Kriegen

254 2379 341 2414 oder
352 2378 607 2414 Trauerfallen
622 2378 769 2421 eintrat,
782 2377 885 2412 dient
898 2376 992 2412 auch

255 2430 357 2462 sonst
381 2425 535 2460 bildlieh
563 2437 624 2460 zur
645 2424 900 2469 Bezeichnnng
925 2423 992 2457 all-

255 2472 441 2519 gemeiner
475 2471 834 2517 Gesch'aftsstorung.
879 2481 993 2515 prope

254 2520 329 2555 und
367 2521 525 2555 omnium
556 2531 585 2554 r.
622 2519 896 2554 kennzeichnen
934 2517 993 2552 die

256 2567 497 2612 uberti-agene
523 2566 742 2611 Bedeutung
769 2566 871 2609 7,1
898 2569 918 2599 4
945 2565 993 2599 si-

255 2615 404 2650 lentium
441 2615 600 2649 omnium
625 2625 744 2648 rerum
782 2594 824 2648 αὸ
855 2613 994 2647 iustitzo

254 2662 369 2697 simile
393 2662 504 2697 otium
529 2661 612 2704 fuit.

305 2713 358 2744 10.
385 2709 497 2744 otium
522 2708 709 2754 eoecitavit]
743 2708 802 2743 ein
828 2706 887 2742 bei
915 2707 992 2743 Liv.

257 2757 350 2790 oster
385 2755 726 2791 wiederkehrender
757 2755 933 2790 Gedanke
959 2753 994 2795 2,

257 2807 313 2845 28,
341 2807 361 2837 6
388 2804 460 2837 otio
486 2804 650 2838 lascivire
673 2803 816 2847 plebem.
854 2803 888 2842 3.
915 2805 947 2844 9,
977 2805 992 2835 1

257 2851 499 2894 secundaeque
535 2851 617 2885 bella·
648 2861 702 2885 res
733 2850 904 2894 extemplo
936 2859 995 2882 ur-

258 2898 369 2931 banos
394 2901 509 2932 motus
532 2899 787 2933 eaeeitaverunt.

1108 1440 1161 1469 11.
1189 1445 1354 1479 acresque
1375 1436 1484 1471 nimis
1502 1438 1534 1470 et
1552 1435 1699 1481 feroces]
1719 1434 1800 1469 Liv.

1059 1482 1255 1517 verbindet
1284 1481 1354 1517 mit
1385 1494 1450 1527 que
1477 1503 1519 1508 —
1547 1486 1578 1517 et
1603 1485 1705 1517 sonst
1732 1493 1804 1517 nur

1061 1529 1299 1565 Substantiva
1336 1529 1429 1574 (Cic.
1468 1542 1501 1566 u.
1538 1529 1638 1565 Caes.
1676 1529 1802 1574 nicht)

1062 1577 1150 1612 oder
1181 1587 1218 1611 es
1248 1575 1364 1611 bildet
1391 1576 1480 1621 (wie
1512 1576 1572 1612 bei
1599 1576 1740 1611 Sallust
1764 1587 1799 1612 11.

1061 1624 1193 1666 Tacit.)
1208 1623 1272 1658 das
1290 1627 1385 1658 erste
1400 1623 1507 1659 Glied
1521 1623 1580 1659 eiu
1594 1624 1801 1659 Pronomen

1061 1671 1126 1714 25,
1168 1674 1228 1711 14,
1261 1674 1281 1705 5
1314 1675 1499 1705 execratus
1528 1671 1614 1706 inde
1643 1681 1746 1716 seque
1770 1673 1803 1705 et

1061 1718 1253 1759 cohortem;
1278 1718 1367 1753 zwei
1390 1717 1513 1752 Verba
1536 1729 1605 1752 nur
1623 1716 1684 1762 41,
1703 1721 1759 1756 24,
1779 1720 1802 1751 2

1060 1766 1296 1809 temptarique
1314 1768 1346 1799 et
1365 1766 1593 1809 opptcynarsss
1619 1763 1708 1799 zwei
1728 1764 1802 1799 Ad-

1056 1812 1203 1857 J‘ektiva
1227 1824 1296 1846 nur
1320 1811 1418 1854 hier;
1444 1812 1579 1847 ebenso
1603 1810 1748 1846 Curtius
1767 1811 1803 1855 9,

1062 1864 1100 1896 3.
1132 1863 1177 1894 22
1215 1859 1464 1904 discordesque
1500 1862 1533 1894 et
1568 1862 1687 1894 vetera
1717 1859 1805 1894 odia

1062 1909 1296 1942 retractantes
1323 1906 1398 1940 und
1425 1906 1588 1951 Sp’atere.

1111 1954 1303 2000 respirare]
1324 1954 1393 1988 mit
1412 1953 1532 1989 einem
1552 1954 1646 1988 auch
1662 1951 1723 1988 bei
1735 1963 1806 1988 uns

1063 2001 1374 2045 gebrauchlichen
1411 2000 1532 2035 Bilde:
1577 2000 1803 2043 aufathmen‚

1064 2047 1152 2083 Luft
1170 2047 1360 2093 schopfem
1380 2047 1440 2091 27,
1463 2052 1518 2090 12,
1536 2052 1578 2082 12
1599 2058 1673 2083 ‘non
1693 2048 1803 2092 respi-

1066 2107 1147 2130 rare
1154 2099 1219 2130 aut
1226 2096 1505 2139 circumspicere.
1523 2097 1636 2137 c.40,5
1643 2095 1804 2139 spatium

1065 2143 1201 2178 dedisse
1219 2143 1268 2177 ad
1288 2142 1550 2186 respirandum.
1583 2141 1652 2176 Die
1673 2141 1804 2184 Same,

1065 2201 1137 2224 von
1170 2189 1234 2224 der
1264 2200 1350 2224 man
1383 2189 1460 2223 sich
1493 2188 1630 2233 erholt‚
1661 2187 1731 2222 mit
1763 2199 1805 2223 α.-

1067 2236 1100 2279 4,
1121 2240 1176 2279 25,
1199 2240 1242 2271 12
1269 2237 1302 2270 si
1321 2236 1421 2280 plebi
1440 2236 1621 2280 respirare
1641 2256 1682 2261 —-
1704 2247 1726 2270 a
1742 2235 1805 2270 mi-

1064 2285 1122 2318 nis
1142 2304 1184 2308 —
1207 2283 1320 2318 liceat.

1111 2331 1228 2373 forent
1242 2330 1408 2376 passuri]
1430 2330 1503 2376 vgl.
1526 2341 1554 2365 0.
1579 2333 1632 2373 15,
1653 2334 1673 2364 3
1688 2330 1807 2372 forent

1065 2379 1195 2413 culina.

1113 2460 1142 2483 0.
1157 2447 1216 2490 27,
1235 2453 1263 2483 1,
1281 2451 1392 2489 nocte,
1410 2459 1501 2493 quae
1517 2448 1640 2493 pridie
1656 2448 1695 2493 Q.
1716 2447 1806 2493 fuit]

1068 2496 1119 2531 ‘in
1159 2496 1222 2530 der
1259 2496 1381 2530 Nacht
1423 2506 1494 2530 von
1532 2495 1617 2530 dem
1656 2495 1806 2530 vorher·

1065 2543 1259 2589 gehenden
1273 2543 1374 2588 Tage
1394 2543 1460 2577 auf
1475 2543 1540 2577 das
1554 2543 1643 2577 Fest
1666 2542 1730 2577 der
1745 2541 1802 2584 Q)

1117 2601 1388 2654 Quinquatrus]
1421 2600 1622 2644 Hauptfest
1645 2599 1710 2635 der
1735 2599 1804 2634 Mi-

1066 2660 1180 2683 nerva
1199 2649 1248 2683 im
1269 2647 1378 2689 Wirz
1402 2648 1486 2682 fiius
1501 2647 1600 2692 Tage
1619 2647 1712 2682 nach
1735 2647 1806 2682 den

1068 2696 1153 2730 Iden
1180 2696 1297 2731 dieses
1324 2695 1468 2730 Monate
1491 2697 1534 2737 (c.
1555 2698 1611 2737 25,
1638 2698 1658 2729 ὁ
1685 2694 1807 2729 idibus

1068 2743 1249 2784 Μαι-ἠως
1276 2743 1340 2776 der
1363 2746 1414 2777 19.
1440 2742 1538 2776 Μῖιη
1563 2741 1644 2786 galt
1662 2741 1716 2776 als
1742 2741 1807 2776 der

1068 2790 1291 2834 Geburtstag
1317 2790 1380 2823 der
1406 2788 1581 2824 Minerva.

1115 2853 1145 2883 2.
1160 2853 1285 2893 septem
1308 2848 1490 2890 tabernae]
1507 2847 1580 2893 vgl.
1595 2847 1654 2882 die
1670 2859 1698 2883 c.
1719 2853 1769 2890 11,
1785 2851 1805 2882 7

1068 2896 1280 2930 erwiihnten
1310 2896 1487 2930 tabernae
1540 2895 1629 2930 Eine
1656 2894 1807 2940 Gruppe
