2000 3338
275 139 332 181 80
786 138 932 173 LIBER
956 138 1088 174 XXVI.
1139 138 1242 174 CAP.
1268 141 1324 173 38.

275 253 396 301 spem
439 244 693 300 proditionis
736 243 897 285 fecerat
933 243 1150 285 Marcello.

1669 155 1694 173 a.
1714 155 1744 174 u.
1765 148 1830 174 544.

1219 243 1293 284 sed
1335 244 1425 286 sine
1466 244 1658 287 adiutore
1696 244 1830 287 Dasio

229 316 249 348 7
275 318 343 346 res
380 303 564 356 transigi
599 316 686 344 non
722 303 902 356 poterat.
963 301 1146 342 multum
1185 315 1234 343 ac
1272 301 1344 342 diu
1376 305 1618 358 cunctatus,
1656 306 1699 345 et
1738 306 1831 346 tum

276 375 442 416 quoque
468 360 608 415 magis
633 359 781 413 inopia
805 359 974 401 consilii
1000 359 1182 413 potioris
1208 373 1337 414 quam
1357 373 1431 413 spe
1457 360 1632 402 effectus
1651 361 1831 404 Dasium

276 419 536 474 appellabat.
598 421 644 459 at
679 418 771 472 ille,
809 431 905 459 cum
943 417 997 459 ab
1034 432 1079 459 re
1117 432 1310 472 aversus,
1345 419 1438 459 tum
1477 419 1644 462 aemulo
1681 422 1832 475 poten-

228 490 249 521 8
275 480 394 519 tatus
426 477 642 531 inimicus,
672 491 763 518 rem
793 476 1031 518 Hannibali
1064 476 1213 530 aperit.
1263 476 1470 518 arcessito
1502 478 1683 532 utroque
1714 477 1831 520 Han·

275 536 397 577 nibal
423 550 520 577 cum
550 549 629 589 pro
655 535 863 576 tribunali
894 534 1104 590 quaedam
1131 536 1278 590 ageret
1301 549 1402 576 mox
1427 534 1478 575 de
1497 534 1662 577 Blattio
1688 537 1831 592 cogni-

273 598 416 649 turus,
447 596 695 648 starentque
727 596 942 635 summoto
974 594 1135 647 populo
1168 595 1392 635 accusator
1423 595 1467 633 ct
1496 606 1613 647 reuS,
1644 592 1832 636 Blattius

228 665 248 696 9
276 653 327 695 de
357 653 601 707 proditione
621 652 802 694 Dasium
828 652 1086 706 appellabat.
1137 652 1351 693 enimvero
1382 651 1457 692 ille
1482 651 1600 692 velut
1629 652 1675 692 in
1701 653 1834 694 mani-

275 711 389 754 festa
417 726 464 752 re
496 711 726 764 exclamat,
765 711 843 752 sub
876 710 1011 752 oculis
1043 709 1301 752 Hannibalis
1334 724 1477 752 secum
1510 709 1561 751 de
1592 709 1835 764 proditione

278 770 360 825 agi.
421 769 657 810 Hannibali
689 771 816 822 atque
848 769 909 810 eis
945 769 1016 822 qui
1049 768 1244 822 aderant,
1283 783 1365 824 quo
1399 767 1602 810 audacior
1633 782 1700 810 res
1733 771 1836 823 erat,

206 842 250 873 10
276 828 415 869 minus
443 827 595 868 similis
620 827 710 868 veri
735 827 828 868 visa
854 828 935 867 est:
965 827 1297 868 aemulationem
1322 827 1515 881 profecto
1543 829 1670 882 atque
1691 826 1836 869 odium

277 900 388 940 esse,
431 888 475 926 et
518 885 562 926 id
606 885 767 926 crimen
811 884 986 939 adferri,
1030 885 1159 939 quod,
1208 886 1309 940 quia
1351 888 1506 927 testem
1547 885 1706 927 habere
1748 899 1837 928 non

207 958 248 990 11
277 945 433 999 possit,
461 944 639 986 liberius
665 943 846 998 fingenti
871 943 945 985 sit:
977 943 1040 984 ita
1065 943 1162 984 inde
1189 943 1356 985 dimissi
1383 946 1494 985 sunt.
1543 958 1620 986 nec
1645 943 1834 986 Blattius

276 1004 378 1044 ante
404 1003 575 1044 abstitit
599 1004 746 1044 tamen
771 1004 861 1043 tam
888 1001 1038 1044 audaci
1063 1002 1252 1056 incepto,
1277 1016 1405 1056 quam
1429 1002 1540 1043 idem
1561 1002 1833 1045 obtundendo

277 1061 568 1116 docendoque,
601 1076 731 1116 quam
758 1075 807 1102 ea
835 1075 902 1102 res
934 1060 1040 1114 ipsis
1073 1061 1321 1115 patriaeque
1353 1060 1554 1102 salutaris
1581 1064 1710 1115 esset,
1741 1076 1834 1117 per-

274 1203 401 1248 haufig
434 1202 473 1237 in
503 1200 768 1245 fibertragenet
799 1199 1021 1245 Bedeutung

276 1267 320 1279 =
346 1247 608 1294 begfinstigen‚
635 1247 793 1282 sordem.
839 1246 898 1291 24,
920 1252 976 1290 36,
998 1252 1018 1282 9

274 1301 316 1331 ut
340 1307 427 1331 suas
451 1307 508 1331 res
539 1295 742 1337 foventibus
767 1295 914 1330 adderet
938 1296 1019 1329 ani-

275 1354 358 1378 mos.
404 1343 464 1386 22,
489 1345 546 1385 53,
574 1345 596 1375 4
627 1351 684 1376 eos
708 1342 893 1385 perditam
924 1352 1020 1386 spem

274 1391 401 1433 fovere.
438 1389 499 1433 29,
521 1393 577 1433 31,
600 1392 619 1423 3
646 1400 680 1422 u.
708 1399 740 1423 o.

324 1453 354 1484 7.
379 1451 568 1483 cunctatus
587 1451 619 1482 et
638 1451 714 1482 tum
733 1447 887 1494 quoque]
909 1447 1020 1482 ‘nach

275 1496 424 1540 langem
457 1495 624 1530 Zaudern
655 1495 730 1529 und
769 1495 885 1530 selbst
922 1495 1020 1530 dann

275 1543 372 1577 noch
397 1543 502 1577 mehr
529 1553 594 1576 aus
618 1541 917 1586 Verlegenheit’3
944 1545 1021 1576 tum

275 1601 412 1634 quoque
430 1589 480 1624 ist
498 1588 602 1624 nicht
621 1589 748 1623 selten.
781 1589 865 1633 Vgl.
884 1589 944 1633 35,
963 1592 1021 1633 31,

277 1641 320 1671 12
352 1640 428 1671 tam
458 1647 596 1681 quoque
627 1636 740 1680 specie
771 1636 919 1671 liberam
948 1636 1020 1671 De-

274 1684 481 1719 metriadem
507 1694 586 1718 esse.

323 1742 551 1787 appellabat]
592 1752 675 1786 app.
707 1741 835 1786 haufig
865 1741 942 1776 sich
974 1752 1021 1776 an

274 1789 361 1834 jem.
393 1789 431 1824 in
464 1789 564 1823 einer
595 1788 832 1823 bestimmten
864 1787 1022 1822 Absicht

213 1836 218 1838 ’
276 1836 450 1877 macheu,
482 1848 525 1870 zu
551 1837 663 1870 etwas
694 1834 915 1870 auffordern.
961 1834 1020 1879 24,

277 1887 316 1926 5,
351 1887 393 1917 10
425 1894 539 1917 unum
570 1893 614 1917 ex
644 1882 862 1925 coniuratis,
896 1893 921 1918 a
951 1892 1021 1927 quo

275 1931 352 1974 ipse
365 1930 570 1975 appellatus
583 1932 670 1964 erat.
691 1929 796 1964 Auch
813 1929 1019 1964 ‘mahnen’:

276 1989 303 2011 z.
338 1977 375 2012 B.
409 1977 593 2021 appellare
630 1977 672 2011 de
702 1977 872 2021 pecunia.
935 1976 1019 2021 Vgl.

277 2027 296 2066 ξ
323 2027 343 2058 8
370 2024 412 2059 de
433 2024 642 2068 proditione
670 2024 888 2068 appellabat.

318 2083 545 2127 potentatus]
580 2082 681 2116 einer
711 2082 853 2116 alteren
879 2081 1020 2116 Latini-

275 2131 335 2164 tat
358 2128 582 2174 angehorig,
614 2128 710 2163 doch
736 2129 830 2163 auch
861 2129 921 2163 bei
948 2128 1020 2165 Cic.

277 2188 312 2211 u.
339 2174 419 2211 Cas.
452 2178 650 2211 vertreten.
695 2175 779 2220 Vgl.
813 2176 1021 2211 dominatus

276 2222 336 2266 24,
368 2226 401 2267 4,
433 2227 465 2257 2.
503 2222 564 2264 30,
590 2226 647 2265 33,
677 2226 719 2257 10
749 2222 825 2256 und
857 2225 1021 2257 armatas

277 2281 306 2305 0.
323 2273 354 2313 5,
370 2274 401 2305 3.
441 2269 614 2304 Gemeint
638 2268 689 2304 ist
707 2269 806 2304 wohl
831 2269 890 2304 die
905 2269 1020 2304 Stelle

278 2316 376 2398 {ines
407 2318 529 2352 ersten
561 2316 740 2352 Beamten
773 2316 837 2351 der
871 2316 1021 2351 kleinen

308 2364 399 2398 tadt.

326 2426 356 2458 8.
379 2433 450 2467 pro
477 2422 673 2467 tribwnali]
700 2422 772 2467 vgl.
799 2433 827 2457 c.
844 2425 900 2464 27,
916 2426 948 2457 6.
976 2421 1020 2456 Η.

277 2469 444 2505 verfahrt
468 2469 548 2503 hier
573 2480 666 2514 ganz
692 2469 730 2503 in
756 2469 820 2503 der
834 2469 902 2503 Art
922 2468 1021 2503 eines

278 2516 486 2551 romischen
513 2517 661 2551 Pri‘ttors
697 2515 773 2549 und
807 2527 844 2550 es
876 2515 1021 2550 werden

278 2562 507 2608 demgemass
539 2562 598 2597 (110
630 2562 695 2597 der
719 2562 926 2597 romischen
953 2561 1021 2597 Ge-

278 2610 550 2655 richtssprache
601 2609 884 2653 angehorcnden
927 2610 1020 2644 Aus-

278 2657 416 2692 drt'icke
466 2657 680 2701 gebraucht.
715 2678 756 2681 -—
793 2657 1022 2701 coyntturus:

278 2705 348 2739 wie
362 2703 423 2739 bei
439 2715 507 2739 uns
527 2704 763 2748 gerichtlich:
790 2703 1019 2739 ‘erkcnnen⁷.

280 2763 310 2785 c.
337 2755 394 2793 48,
420 2755 440 2785 8
472 2752 617 2795 coynita
648 2761 770 2786 causa.
820 2751 854 2794 2,
882 2754 938 2792 41,
967 2754 1020 2785 10.

279 2799 321 2839 3,
359 2803 421 2841 (39,
460 2803 480 2833 6
517 2810 551 2833 u.
591 2798 655 2833 oft.
715 2797 818 2832 Auch
858 2797 1020 2832 absolut:

279 2845 339 2887 29,
360 2850 416 2887 21,
437 2849 457 2879 8
484 2846 536 2879 ibi
560 2856 595 2879 se
620 2856 699 2880 cum
725 2845 875 2880 consilio
900 2845 1020 2888 coani-

280 2895 400 2925 turum
429 2892 502 2926 und
529 2892 597 2926 mit
622 2893 664 2927 cle
689 2895 708 2934 ἓ
732 2896 782 2927 ll.

1140 1204 1172 1235 9.
1199 1198 1390 1244 enimvero]
1413 1198 1466 1244 ‘ja
1485 1198 1748 1245 wahrhaftig’3
1773 1200 1835 1235 be-

1093 1247 1261 1281 zeichnet
1285 1246 1411 1291 haufig
1434 1246 1499 1280 das
1517 1246 1711 1281 Eintreten
1730 1257 1836 1281 uner-

1091 1294 1266 1328 warteter
1297 1292 1522 1338 Ereignisse,
1562 1293 1622 1328 die
1660 1293 1731 1328 den
1763 1294 1837 1329 Un-

1094 1340 1219 1375 willen
1254 1350 1425 1384 erregen,
1462 1339 1572 1375 meist
1608 1352 1654 1374 zu
1688 1340 1837 1386 Anfang

1092 1387 1156 1423 des
1209 1387 1351 1429 Satzes,
1404 1386 1596 1421 bisweilen
1644 1387 1740 1422 auch
1789 1398 1838 1423 an

1092 1433 1240 1469 zweiter
1254 1433 1368 1468 Stelle
1388 1432 1512 1468 hinter
1531 1434 1580 1477 id,
1602 1437 1690 1476 tum,
1703 1445 1835 1470 verwm.

1093 1480 1154 1525 24,
1182 1486 1238 1524 31,
1267 1485 1284 1514 1
1318 1481 1495 1515 enimvero
1526 1482 1761 1516 conclamant.
1801 1480 1836 1524 2,

1095 1532 1150 1570 36,
1177 1532 1197 1562 6
1231 1531 1306 1562 tum
1338 1529 1524 1562 enimvero.
1576 1527 1636 1571 22,
1663 1531 1719 1571 25,
1746 1532 1766 1563 3
1798 1528 1838 1564 id

1093 1576 1279 1610 enimvero.
1323 1573 1383 1618 24,
1404 1578 1437 1617 5,
1458 1579 1477 1608 2
1503 1585 1626 1610 verum
1650 1575 1836 1611 enimvero.

1139 1635 1235 1668 velut
1263 1634 1304 1668 in
1329 1633 1523 1675 manifesta
1553 1633 1607 1678 re]
1645 1632 1716 1668 ‘als
1747 1633 1838 1668 iiber

1094 1679 1176 1715 eine
1190 1679 1485 1725 handgreifliche
1494 1679 1733 1723 Thatsache',
1743 1681 1839 1715 velut

1094 1728 1186 1762 statt
1197 1727 1260 1762 des
1275 1727 1557 1772 gewohnlichen
1567 1730 1618 1762 ut.
1647 1727 1694 1762 So
1705 1726 1838 1762 dn'ickt

1092 1775 1189 1810 velut
1199 1774 1274 1809 und
1285 1774 1378 1809 auch
1392 1777 1565 1818 tanquam
1577 1774 1635 1809 bei
1646 1773 1723 1808 Liv.
1735 1773 1840 1809 nicht

1095 1822 1213 1856 selten
1233 1833 1301 1856 nur
1321 1821 1381 1855 die
1397 1820 1554 1855 Ansicht
1572 1831 1650 1864 aus,
1676 1821 1736 1855 die
1749 1820 1838 1866 jem.

1093 1879 1167 1903 von
1193 1868 1293 1904 einer
1313 1868 1431 1903 Sache
1457 1868 1534 1911 hat,
1560 1880 1589 1902 z.
1610 1867 1651 1902 B.
1671 1867 1730 1911 22,
1747 1872 1779 1912 3,
1797 1871 1838 1903 12

1094 1916 1189 1951 velut
1213 1916 1315 1958 foedo
1340 1916 1465 1950 omine.

1141 1975 1272 2009 similis
1296 1973 1389 2020 veri]
1417 1974 1476 2008 bei
1498 1972 1740 2019 Vergleichen
1766 1984 1839 2009 von

1093 2021 1279 2067 Eersonen
1323 2023 1414 2055 setzt
1451 2020 1530 2056 Liv.
1567 2031 1640 2056 von
1679 2019 1840 2056 ’1111150101-

1094 2068 1337 2103 Ahnlichkeit
1355 2067 1616 2113 iiberwiegend
1634 2067 1706 2102 (1011
1715 2067 1838 2109 Dativ,

1094 2127 1166 2150 von
1186 2115 1368 2160 geistigen
1382 2114 1672 2159 Eigenschaften
1687 2114 1758 2149 den
1769 2113 1839 2149 Ge·

1094 2162 1207 2205 nitiv3
1235 2162 1294 2196 bei
1325 2160 1569 2206 Vergleichen
1596 2171 1667 2196 von
1695 2160 1838 2196 Sachen

1094 2209 1164 2244 mit
1183 2208 1326 2244 Sachen
1353 2208 1425 2243 (1011
1444 2207 1572 2248 Dativ:
1600 2207 1639 2241 in
1664 2207 1729 2243 der
1748 2207 1837 2243 Ver-

1094 2256 1260 2300 bindung
1289 2254 1628 2290 ‘wahrscheinlich’
1654 2255 1839 2290 wechseln

1094 2303 1201 2338 beide
1215 2303 1344 2338 Kasus.
1376 2313 1405 2337 c.
1422 2306 1479 2343 49,
1493 2306 1514 2337 ὃ
1530 2303 1717 2336 simillima
1735 2303 1838 2338 veris.

1141 2362 1290 2397 liberius
1303 2361 1470 2406 ftraeqenti]
1485 2360 1566 2395 ‘der
1575 2360 1740 2396 salechen
1747 2359 1840 2396 Vor-

1094 2409 1314 2490 {spieg'elupsg
1319 2409 1431 2497 101ιέοἒ
1445 2407 1620 2490 111θέὓὸῐὲιέ
1630 2406 1838 2490 881111οὲ1811111

1094 2467 1218 2491 asse.
1294 2467 1341 2500 g.
1450 2467 1483 2489 u.
1552 2483 1559 2498 ,
1623 2482 1631 2498 ‚
1704 2465 1837 2490 terum

1093 2504 1253 2548 fingenti.

1145 2567 1197 2596 11.
1225 2563 1318 2597 idem
1343 2561 1572 2596 obtundendo
1597 2560 1836 2605 docendoque]

1094 2610 1252 2644 obtundo
1296 2609 1356 2643 bei
1401 2608 1480 2643 Liv.
1525 2606 1679 2641 drcimal
1727 2617 1836 2651 ange·

1094 2657 1249 2691 wendet.
1284 2655 1319 2700 2,
1343 2659 1395 2697 15,
1417 2659 1436 2689 5
1463 2654 1558 2689 011110
1585 2652 1737 2697 Objekt:
1767 2664 1837 2688 non

1094 2704 1289 2738 obtundam
1317 2719 1360 2731 =
1391 2702 1449 2737 ich
1482 2700 1558 2735 will
1591 2700 1695 2734 nicht
1726 2700 1839 2746 lastig

1094 2751 1218 2792 fallen,
1245 2749 1353 2794 (auch
1375 2749 1433 2783 bei
1453 2747 1558 2789 Cic.);
1589 2747 1620 2789 ἲ,
1636 2750 1668 2789 2,
1683 2751 1703 2781 9
1723 2758 1838 2783 rocem

1095 2798 1240 2833 obtund.
1263 2796 1336 2831 und
1358 2795 1436 2830 11101·
1452 2795 1521 2829 mit
1540 2794 1649 2828 idem:
1670 2793 1839 2830 dasselbe

1094 2844 1131 2878 111
1170 2843 1322 2886 liistiger
1355 2842 1476 2877 Weise
1511 2841 1750 2886 voi-bringen,
1786 2841 1838 2886 jd.

1095 2891 1130 2925 111
1158 2891 1226 2925 (1011
1254 2889 1376 2924 0111011
1404 2889 1534 2934 liegeu.
