2000 3338
294 119 349 161 14
791 119 937 154 LIBER
961 120 1091 156 XXVI.
1141 119 1243 156 CAP.
1271 124 1301 156 7.
1682 137 1707 155 a.
1730 137 1759 155 u.
1778 129 1842 155 543.

293 241 392 268 suos
421 240 587 281 quoque
614 226 875 266 commeatus
901 224 1234 266 intercluderent
1257 226 1358 266 novi
1378 227 1591 279 consules,
1617 226 1843 268 abscedere

245 295 265 326 3
292 285 413 326 irrito
446 285 615 336 incepto
648 283 691 323 et
720 296 892 323 movere
924 296 949 322 a
969 281 1114 335 Capua
1146 283 1298 323 statuit
1322 286 1475 325 castra.
1522 285 1657 326 multa
1689 299 1843 338 secum,

291 356 477 396 quonam
519 340 616 381 inde
658 339 720 380 ire
763 341 979 394 pergeret,
1021 340 1213 382 volventi
1255 341 1387 381 subiit
1426 342 1616 384 animum
1659 343 1843 397 impetus

290 402 418 452 caput
453 398 596 451 ipsum
633 397 737 439 belli
767 397 950 439 Romam
987 398 1174 452 petendi,
1217 399 1336 439 cuius
1377 399 1439 440 rei
1478 414 1642 454 semper
1674 401 1842 455 cupitae

288 456 635 510 praetermissam
678 456 947 498 occasionem
997 459 1095 510 post
1137 455 1404 499 Cannensem
1451 470 1640 511 pugnam
1683 462 1726 501 et
1769 459 1844 500 alii

242 525 264 556 4
289 515 418 569 vulgo
456 514 696 555 fremebant
726 517 769 555 et
799 514 890 568 ipse
921 529 1008 556 non
1043 514 1358 556 dissimulabat:
1395 515 1649 568 necopinato
1685 531 1842 570 pavore

290 587 339 614 ac
369 573 556 614 tumultu
586 587 673 614 non
699 586 791 614 esse
823 573 1132 627 desperandum
1165 573 1351 627 aliquam
1382 575 1549 627 partem
1580 574 1697 615 urbis
1722 589 1843 618 occu-

242 641 262 672 5
289 631 384 685 pari
414 645 557 684 posse3
590 633 650 681 et,
682 631 718 672 si
742 630 882 672 Roma
912 632 957 672 in
982 631 1226 673 discrimine
1252 634 1381 686 esset,
1414 631 1604 686 Capuam
1631 633 1843 686 extemplo

289 690 522 731 omissuros
556 692 629 730 aut
660 689 785 730 ambo
817 690 1096 743 imperatores
1127 688 1347 732 Romanos
1380 692 1453 732 aut
1484 690 1667 732 alterum
1698 704 1750 731 ex
1779 691 1845 745 iis,

289 750 332 788 et
363 747 399 788 si
431 746 676 788 divisissent
706 748 869 801 copias,
900 751 1126 802 utrumque
1157 749 1433 790 infirmiorem
1464 749 1628 790 factum
1660 751 1735 789 aut
1763 749 1846 790 sibi

242 816 262 846 6
290 808 365 846 aut
394 804 625 858 Campanis
655 805 764 846 bene
802 805 1012 859 gerendae
1043 807 1105 847 rei
1141 806 1361 848 fortunam
1393 807 1567 849 daturos
1599 821 1700 848 esse.
1761 821 1846 848 una

289 877 339 904 ea
382 877 483 904 cura
526 863 728 917 angebat,
771 877 842 917 ne,
885 863 959 905 ubi
1004 864 1299 918 abscessisset,
1342 866 1554 920 extemplo
1592 865 1846 906 dederentur

288 920 510 975 Campani.
571 921 805 962 Numidam
836 924 1082 975 promptum
1115 922 1168 964 ad
1200 924 1345 964 omnia
1380 925 1537 977 aqenda
1568 923 1844 978 audendaque

288 979 411 1021 donis
444 979 629 1034 perlicit,
660 982 708 1020 ut
738 980 893 1021 litteris
926 981 1111 1034 acceptis
1144 981 1282 1035 specie
1314 982 1561 1036 transfugae
1593 985 1736 1024 castra
1759 981 1845 1023 Ro-

242 1049 261 1079 7
287 1052 417 1079 mana
452 1039 671 1093 ingressus
703 1038 841 1079 altera
876 1041 998 1092 parte
1030 1039 1139 1080 elam
1172 1038 1362 1093 Capuam
1398 1040 1615 1093 pervadat.
1674 1040 1844 1082 litterae

288 1098 431 1137 autem
457 1099 580 1137 erant
605 1096 902 1138 adhortatione
934 1097 1103 1151 plenae:
1134 1098 1445 1151 profectionem
1472 1113 1614 1152 suam,
1645 1113 1752 1153 quae
1778 1113 1843 1140 sa-

287 1155 437 1195 lutaris
482 1155 569 1195 illis
613 1154 742 1208 foret,
786 1155 1097 1197 abstracturam
1135 1156 1188 1197 ad
1225 1156 1531 1207 defendendam
1567 1156 1751 1198 Romam
1789 1156 1843 1198 ab

240 1223 261 1254 8
287 1213 576 1268 oppugnanda
596 1211 744 1267 Capua
770 1213 897 1255 duces
924 1216 1052 1268 atque
1080 1215 1288 1256 exercitus
1311 1215 1539 1257 Romanos.
1587 1229 1641 1255 ne
1667 1215 1844 1268 despon-

334 1307 365 1339 2.
392 1307 606 1339 commeatus
651 1305 903 1352 intercludere]
953 1305 1032 1340 Liv.

286 1352 386 1395 sagt:
413 1351 527 1385 alicui
553 1355 766 1386 commeatus
794 1353 1033 1388 intercludere

286 1407 315 1431 0.
344 1400 400 1439 39,
423 1400 466 1431 10
491 1397 567 1431 und
587 1409 707 1433 arcere
731 1403 944 1434 commeatus
964 1401 1030 1435 ali-

285 1444 391 1478 cuius
423 1455 454 1478 0.
488 1447 545 1488 20,
578 1449 616 1488 73
666 1445 762 1480 doch
793 1447 889 1481 auch
920 1447 1030 1481 inter-

286 1490 428 1525 cludere
471 1492 626 1536 aliquem
665 1493 793 1537 aliqua
830 1504 886 1536 re;
925 1506 953 1527 z.
989 1493 1030 1528 B.

285 1538 416 1572 castris
438 1537 501 1583 27,
527 1542 583 1582 42,
610 1542 642 1573 4.

332 1584 517 1620 abscedere
542 1586 650 1620 irrito
675 1586 833 1631 incepto]
859 1586 921 1622 bei
946 1586 1025 1622 Liv.

286 1631 370 1665 sehr
394 1631 541 1677 h'aufige
568 1632 777 1678 Wendung‚
804 1633 841 1667 in
867 1633 1028 1668 welcher

284 1678 392 1712 irrito
424 1679 566 1722 incepto
600 1680 655 1714 als
689 1679 847 1714 absolut.
875 1680 1027 1715 Ablativ

285 1724 520 1760 aufzufassen
551 1725 617 1769 ist,
657 1726 705 1761 da
743 1727 927 1762 abscedere
958 1739 1028 1761 nur

287 1772 412 1816 streng
461 1771 563 1807 lokal
611 1774 839 1816 vorkommt3
895 1774 1027 1808 variirt

231 1838 234 1841 -
287 1818 402 1852 durch
452 1819 622 1854 absistere
670 1821 828 1864 incepw,
873 1824 1024 1863 conatu3

286 1865 452 1900 desistere
483 1866 624 1910 incepto
631 1880 644 1910 ,·
677 1867 785 1902 irrito
810 1868 951 1912 incepto
976 1878 1028 1902 re-

285 1915 428 1955 vertere,
453 1913 610 1948 recedere
634 1913 709 1948 und
736 1913 938 1949 ahnliches.

334 1962 365 1995 3.
380 1959 432 1993 ire
444 1959 582 2005 perqit]
593 1971 704 2005 perqo
717 1960 873 1995 nicht=
883 1960 1027 1996 weiter-

285 2006 416 2050 gehen,
455 2005 664 2051 fortgehen,
703 2008 860 2042 sondern
890 2018 958 2052 per
984 2029 1028 2033 —

283 2062 365 2096 reqo
386 2068 430 2081 =
449 2052 639 2098 Richtung
659 2054 836 2097 nehmen;
862 2054 932 2089 wie
951 2065 1028 2089 sur-

282 2109 327 2143 yo
353 2115 397 2127 =
423 2100 545 2134 sub—
572 2111 670 2145 reqo:
704 2100 783 2135 sich
803 2101 1027 2143 austichtem

284 2146 400 2180 daher
436 2146 503 2181 das
542 2158 580 2181 so
615 2147 873 2192 gewohnliche
910 2149 1030 2193 perqit

283 2193 336 2227 ire
360 2192 448 2227 kein
472 2193 713 2228 Pleonasmus
738 2194 797 2228 ist.

331 2240 502 2286 impetus]
520 2240 594 2274 ‘ein
617 2241 835 2285 plotzlioher
850 2241 1000 2276 Einfall’
1019 2255 1026 2283 ;

284 2286 400 2321 daher
424 2287 575 2331 impetu:
603 2288 658 2322 als
684 2287 929 2322 adverbieller
954 2288 1026 2323 Ab·

283 2333 376 2367 lativ
402 2333 453 2367 im
484 2333 690 2379 Gegensatz
718 2347 762 2369 zu
788 2335 938 2370 consilio
965 2346 1026 2381 ge-

283 2379 442 2414 braucht
468 2379 528 2422 22,
549 2384 604 2424 50,
628 2385 681 2416 12.

332 2427 458 2472 caput]
474 2427 699 2472 ‘Herd,oder
714 2427 889 2463 Centrum
903 2429 935 2462 d.
951 2428 1025 2472 K.'‚

284 2473 339 2508 ost
376 2474 445 2508 mit
483 2485 553 2509 arx
590 2475 814 2510 verbunden.
853 2486 881 2510 c.
915 2479 977 2519 25,
1005 2478 1025 2509 8

283 2523 394 2565 caput
413 2531 597 2566 arcemque
619 2522 827 2564 Illaedicae3
849 2523 942 2556 auch
955 2533 1026 2557 von

282 2566 479 2610 Personen‚
494 2567 531 2602 in
546 2568 723 2603 welchem
734 2568 838 2603 Falle
853 2569 1024 2604 deutsch:

285 2613 406 2649 ‘Seele
433 2615 464 2649 d.
493 2615 570 2649 Kr.'
599 2615 659 2657 28,
680 2619 735 2659 42,
761 2620 802 2650 16
832 2616 893 2650 ubi
918 2616 1025 2650 Han—

282 2661 386 2695 nibal
412 2663 471 2703 sit,
498 2662 550 2696 ibi
575 2666 684 2706 caput
710 2674 893 2707 arcemque
917 2663 1026 2697 huius

284 2708 366 2742 belli
391 2719 471 2743 esse.

331 2759 435 2789 4—5.
462 2755 535 2790 Der
567 2756 657 2790 Plan
698 2756 815 2791 bietet
857 2757 940 2791 dem
979 2757 1022 2791 H.

285 2801 362 2835 drei
383 2801 572 2837 Chaneen:
602 2805 634 2847 1)
656 2803 714 2837 die
735 2803 839 2838 nicht
860 2804 1023 2838 undenk-

284 2847 371 2882 bare
403 2848 648 2893 Moglichkeit
677 2852 766 2892 (non
804 2861 873 2885 esse
905 2852 1021 2895 despe-

1105 1307 1280 1350 randum)
1310 1306 1426 1341 durch
1457 1305 1706 1341 Handstreich
1738 1305 1846 1341 einen

1105 1352 1187 1388 Teil
1228 1354 1292 1388 der
1326 1353 1558 1398 Hauptstadt
1594 1365 1637 1387 zu
1674 1353 1844 1388 nehmen.

1105 1402 1139 1443 2)
1165 1400 1356 1445 ganzliehe
1384 1400 1472 1435 oder
1495 1399 1674 1434 teilweise
1694 1399 1845 1444 Lesung

1104 1447 1169 1481 der
1199 1447 1365 1482 Blokade
1398 1447 1552 1491 Capuas.
1592 1447 1627 1490 3)
1661 1445 1721 1481 ein
1751 1449 1844 1491 gsiu—

1103 1494 1217 1539 stiges
1251 1494 1398 1528 Treffen
1435 1504 1555 1538 gegen
1594 1493 1653 1527 die
1691 1492 1845 1538 geteilte

1102 1540 1301 1575 feindliche
1326 1540 1464 1576 Macht.

1149 1591 1179 1623 6.
1208 1598 1298 1622 cura
1342 1587 1512 1633 anqebat]
1552 1587 1700 1632 haufige
1733 1587 1844 1622 Wen-

1100 1634 1215 1679 dung3
1252 1634 1312 1678 27,
1340 1638 1397 1678 40,
1425 1637 1445 1667 2
1471 1646 1506 1668 u.
1535 1633 1606 1676 oft;
1638 1633 1749 1669 meist
1774 1633 1844 1668 wie

1099 1680 1180 1715 hier
1212 1681 1307 1716 ohne
1334 1680 1487 1726 Objekt3
1525 1680 1620 1716 doch
1652 1680 1748 1715 auch
1773 1680 1843 1715 mit

1099 1727 1329 1763 demselben:
1374 1727 1433 1771 32,
1478 1732 1510 1771 5,
1556 1731 1588 1761 2.
1630 1727 1844 1772 Philippum

1100 1775 1271 1809 ...belli
1309 1785 1418 1809 curae
1454 1778 1604 1819 anqunt.
1639 1773 1706 1818 21,
1741 1779 1777 1817 1,
1810 1778 1841 1809 5.

1099 1821 1269 1856 deutsch:
1314 1821 1500 1866 beengen,
1538 1821 1696 1865 qu‘alen3
1740 1820 1844 1856 nicht

1103 1868 1310 1913 angstigen.

1149 1916 1290 1960 aqenda
1331 1913 1582 1959 audendaque]
1627 1912 1845 1950 formelhaft

1101 1961 1160 1996 fur
1198 1962 1269 1997 den
1306 1961 1489 1996 hochsten
1526 1960 1625 1996 Grad
1664 1961 1729 1995 der
1753 1959 1844 1996 Ver—

1101 2008 1328 2053 wegenheit3
1374 2008 1466 2043 auch
1499 2008 1739 2053 umgekehrt:
1782 2007 1842 2051 22,

1105 2059 1158 2099 14,
1188 2059 1231 2089 14
1257 2056 1424 2090 audendo
1450 2058 1555 2099 atque
1580 2055 1728 2099 ayendo.

1151 2106 1181 2137 7.
1209 2103 1462 2136 adhortatione
1487 2101 1633 2147 plenae]
1662 2100 1841 2136 fiber-wie—

1102 2148 1198 2192 gend
1219 2149 1320 2183 steht
1333 2149 1466 2193 plenus
1484 2148 1544 2183 bei
1564 2147 1641 2182 Liv.
1663 2147 1732 2183 mit
1757 2147 1841 2182 dem

1102 2194 1270 2237 Genitiv;
1314 2195 1410 2229 doch
1448 2195 1542 2229 auch
1581 2195 1686 2230 nieht
1723 2194 1841 2230 selten

1100 2241 1169 2276 mit
1206 2242 1291 2277 dem
1324 2242 1492 2283 Ablativ3
1532 2253 1560 2278 c.
1594 2246 1657 2285 42,
1691 2245 1710 2276 3
1744 2242 1842 2277 omni

1100 2289 1225 2323 bellico
1251 2293 1437 2333 apparatu
1457 2289 1615 2333 plenam.

1146 2336 1252 2370 duces
1284 2339 1390 2380 atque
1421 2336 1610 2381 exercitus]
1647 2335 1724 2370 Liv.
1758 2337 1843 2380 sagt

1099 2383 1190 2417 stete
1216 2383 1293 2417 dua:
1319 2386 1424 2427 atque
1449 2383 1624 2417 exercitus
1651 2382 1739 2418 oder
1763 2383 1842 2418 dux

1099 2430 1354 2474 exercitusque,
1400 2429 1484 2463 sehr
1529 2429 1646 2464 selten
1689 2430 1766 2465 dua:
1809 2432 1842 2463 et

1099 2477 1284 2511 erere-itus.

1147 2526 1178 2557 8.
1199 2523 1415 2568 despondere
1447 2523 1604 2569 animos]
1638 2522 1839 2568 eigentlich

1100 2587 1143 2598 =
1179 2570 1386 2615 angeloben
1425 2571 1572 2613 (filiam)
1618 2568 1838 2611 verheirsem

1099 2628 1129 2652 0.
1156 2621 1212 2660 37,
1239 2621 1258 2651 5
1294 2618 1386 2651 velut
1420 2617 1657 2662 despondente
1687 2616 1840 2658 fortuna

1098 2664 1278 2699 Romanis
1294 2665 1483 2708 imperium·
1497 2664 1656 2698 orientis.
1695 2663 1751 2697 Da
1764 2674 1838 2697 nun

1099 2711 1186 2746 aber
1207 2711 1272 2745 das
1287 2711 1323 2745 in
1338 2711 1543 2755 Vertri‘zgen
1560 2710 1838 2754 Versprochene

1097 2758 1190 2792 auch
1224 2757 1395 2792 meistens
1427 2756 1664 2801 ausgeliefert
1691 2756 1837 2791 werden

1096 2804 1209 2846 muss,
1244 2815 1283 2839 so
1311 2803 1432 2838 erhiilt
1457 2805 1569 2838 sehon
1596 2803 1655 2838 bei
1683 2803 1837 2838 Plautus

1096 2852 1190 2895 desp.
1207 2851 1267 2885 die
1283 2850 1516 2895 Bedeutung:
1537 2850 1742 2895 fortgeben.
1789 2849 1836 2884 So
