2000 3338
126 184 150 202 a
171 176 236 201 Chr.
255 183 282 200 n.
303 176 364 201 210.
582 165 726 200 LIBER.
749 164 878 201 XXVI.
930 164 1030 200 CAP.
1057 169 1112 200 49.
1140 169 1194 200 50.
1240 170 1245 175 ”
1584 164 1667 205 105

128 273 270 314 dibilis
306 272 419 314 filiae
458 275 580 314 erant
617 273 806 327 aliaeque
843 273 1066 314 nobilitate
1103 272 1214 327 pari,
1256 286 1363 327 quae
1401 285 1548 312 omnes
1581 286 1673 312 eam

126 345 203 386 pro
247 332 422 385 parente
461 331 671 373 colebant.
732 334 823 372 tum
862 330 1002 385 Scipio
1048 330 1181 372 ‘meae
1224 330 1454 385 populique
1490 329 1674 371 Romani
1702 341 1745 372 14

127 389 376 443 disciplinae
420 403 548 431 causa
597 389 800 431 facerem'
849 390 988 444 inquit
1034 388 1106 430 ‘ne
1150 389 1268 444 quid,
1318 389 1430 444 quod
1479 390 1674 430 sanctum

126 462 306 502 usquam
338 451 470 501 esset,
508 448 618 502 apud
648 462 726 489 nos
757 448 1005 501 violaretur3
1044 462 1156 488 nunc
1187 450 1235 489 ut
1264 448 1307 488 id
1340 462 1481 489 curem
1512 447 1672 500 impen-
1702 459 1745 489 15

127 506 233 560 sius,
263 509 408 547 vestra
439 521 604 561 quoque
633 507 768 547 virtus
801 506 1068 561 dignitasque
1100 505 1220 558 facit,
1252 520 1359 560 quae
1390 519 1443 546 ne
1475 505 1519 546 in
1550 505 1673 546 malis

127 564 296 620 quidem
327 565 487 606 oblitae
519 564 681 606 decoris
712 564 959 605 matronalis
993 562 1123 604 estis'.
1186 565 1400 617 spectatae
1433 563 1580 605 deinde
1610 564 1673 604 in-
1701 577 1746 607 16

125 623 342 677 tegritatis
373 623 464 665 viro
497 623 674 664 tradidit
706 636 795 674 eas,
832 621 1025 676 tuerique
1064 621 1177 662 haud
1209 636 1328 663 secus
1361 622 1593 663 verecunde
1626 636 1674 663 ae

127 682 319 724 modeste
352 696 478 736 quam
508 681 728 734 hospitum
760 680 960 734 coniuges
993 693 1042 721 ac
1072 682 1230 721 matres
1262 680 1398 721 iussit.

245 738 424 794 Captiva
457 739 605 780 deinde
639 753 663 780 a
689 738 897 779 militibus
930 737 1151 779 adducitur
1177 738 1230 779 ad
1256 753 1351 779 eum
1369 738 1522 780 adulta
1550 738 1671 793 virgo
1689 743 1746 784 50

128 799 231 840 adeo
282 797 435 839 eximia
483 797 638 850 forma,
688 799 752 847 ut,
803 810 1066 851 quacumque
1116 796 1357 851 incedebat,
1407 799 1674 838 converteret

128 856 316 899 omnium
360 856 516 897 oculos.
590 854 751 910 Scipio,
800 858 1099 909 percunctatus
1149 856 1331 909 patriam
1378 857 1675 910 parentesque,
1702 869 1723 899 2

127 915 238 956 inter
281 915 421 955 cetera
468 914 629 967 accepit
678 914 931 968 desponsam
976 928 1068 955 eam
1117 914 1302 968 principi
1346 912 1674 968 Celtiberorum,

131 972 389 1014 adolescenti
426 972 594 1014 Allucio
639 987 796 1014 nomen
834 976 935 1014 erat.
1002 973 1213 1027 extemplo
1258 973 1390 1027 igitur
1426 973 1676 1026 parentibus
1702 987 1721 1018 3

128 1045 370 1086 sponsoque
403 1031 455 1072 ab
489 1031 615 1073 domo
648 1031 812 1086 accitis,
844 1046 940 1073 cum
971 1032 1141 1073 interim
1168 1031 1333 1072 audiret
1363 1031 1552 1085 deperire
1578 1045 1674 1072 eum

127 1104 307 1144 sponsae
347 1104 506 1144 amore,
543 1091 616 1131 ubi
653 1090 836 1144 primum
874 1090 1008 1144 venit,
1049 1090 1308 1132 accuratiore
1346 1104 1442 1131 eum
1480 1104 1674 1131 sermone

126 1163 254 1204 quam
291 1151 486 1203 parentes
525 1148 783 1202 adloquitur:
829 1148 1023 1190 ‘iuvenis'
1062 1149 1202 1203 inquit
1240 1148 1448 1190 ‘iuvenem
1491 1148 1673 1202 appello,
1699 1163 1723 1193 1

126 1221 209 1262 quo
242 1208 380 1249 minor
406 1207 462 1249 sit
492 1207 603 1249 inter
632 1222 712 1249 nos
743 1208 869 1249 huius
896 1208 1102 1249 sermonis
1134 1207 1398 1249 verecundia.
1450 1221 1546 1262 ego,
1578 1221 1672 1248 cum

128 1280 287 1320 sponsa
318 1269 392 1307 tua
424 1269 549 1320 capta
580 1281 605 1307 a
636 1266 846 1307 militibus
877 1267 1037 1308 nostris
1065 1266 1117 1307 ad
1149 1281 1215 1307 me
1248 1266 1372 1308 ducta
1399 1269 1527 1319 esset,
1559 1265 1673 1307 audi·
1702 1280 1723 1311 5

128 1416 266 1459 Ruhe3'
304 1415 476 1451 meistens
514 1427 587 1450 von
624 1417 695 1451 den
731 1416 864 1451 rastlos

125 1463 430 1498 aufstachelnden
450 1462 654 1507 Begierden
676 1464 746 1507 ira,
766 1464 865 1508 cupi-

125 1511 190 1551 do;
217 1510 311 1544 doch
337 1513 447 1544 auch:
473 1509 533 1552 44,
560 1513 615 1552 44,
645 1514 662 1544 1
690 1511 864 1545 consulem

126 1567 215 1591 eura
240 1557 283 1591 de
307 1557 442 1591 minore
466 1557 541 1599 filio
566 1558 786 1592 stimulabat.

173 1610 309 1644 decoris
328 1609 562 1655 matronalis]
588 1609 863 1645 ‘Frauenehre’.

125 1657 339 1691 matronalis
367 1657 499 1701 gehort
523 1668 567 1690 zu
593 1657 663 1691 den
690 1668 762 1692 von
786 1657 863 1693 Liv.

126 1703 164 1738 in
179 1703 238 1738 die
253 1703 366 1738 Prosa
385 1703 643 1747 eingeffihrten
656 1703 866 1749 Adjektivis

127 1751 193 1785 auf
221 1751 308 1785 alis:
340 1750 400 1793 21,
429 1754 483 1794 26,
505 1754 525 1785 8
554 1752 742 1795 vicinalis‚·
772 1753 867 1786 iuve-

132 1798 246 1839 nalis,
271 1797 440 1832 cubitalis
464 1809 498 1831 u.
523 1808 554 1832 a.

178 1859 232 1891 16.
263 1856 456 1891 verecunde
493 1867 536 1890 ae
572 1856 742 1902 modeste]
773 1868 865 1892 vere-

129 1903 243 1938 eunde
264 1902 478 1938 bezeichnet
491 1903 550 1938 die
563 1903 601 1937 in
621 1904 684 1938 der
696 1903 865 1938 Behand·

126 1949 218 1994 lung
257 1949 425 1995 liegende
457 1950 675 1985 moralische
708 1950 865 1986 211111611-

125 1996 300 2041 haltung3
333 1997 483 2032 modeste
511 1997 581 2032 den
607 1997 672 2032 der
697 1997 867 2043 Stellung

129 2042 194 2078 der
230 2055 273 2077 zu
299 2043 575 2079 Bewachenden
606 2044 867 2088 gebfihrenden

126 2089 294 2125 'ausseren
304 2091 480 2125 Anstand.
503 2102 530 2124 6.
544 2095 599 2134 50,
613 2092 864 2126 everecundia.

173 2171 201 2195 6.
229 2160 288 2203 50,
319 2165 347 2194 1.
381 2165 593 2196 converteret
618 2162 758 2207 oculos]
791 2173 864 2207 erg.

125 2208 166 2242 in
185 2218 229 2242 se.
270 2208 317 2243 So
338 2208 484 2243 werden
499 2208 595 2242 auch
609 2210 743 2244 andere
756 2209 866 2244 Kom-

126 2255 248 2299 posita
269 2266 340 2289 von
358 2259 467 2297 verto,
491 2255 565 2300 vgl.
586 2260 706 2291 averto
729 2268 757 2291 6.
780 2260 811 2298 5,
833 2260 865 2298 9,

126 2301 221 2336 ohne
257 2302 411 2346 A'ngabe
443 2302 507 2337 des
534 2302 710 2346 Punktes,
741 2303 865 2338 wohin

126 2348 213 2382 oder
245 2359 317 2383 von
349 2349 526 2384 welchem
557 2360 639 2394 weg
671 2361 755 2385 man
788 2350 866 2385 sich

125 2394 286 2437 wendet,
317 2396 530 2440 gebraucht.
568 2396 633 2440 28,
667 2401 706 2441 6,
739 2402 760 2431 4
787 2408 865 2432 cum

125 2443 285 2477 omnium
321 2443 460 2477 animos
496 2444 681 2488 oculosque
719 2445 759 2479 id
795 2456 864 2479 cer-

125 2492 244 2523 tamen
275 2490 464 2524 avertisset.
515 2491 620 2525 Doch
650 2490 742 2525 wird
772 2492 864 2526 auch

127 2535 186 2570 die
205 2534 355 2580 Prapos.
376 2536 631 2582 hinzugeffigt:
658 2549 688 2572 6.
711 2543 764 2581 18,
785 2542 806 2573 8
826 2539 865 2573 in

125 2593 226 2628 quem
258 2586 450 2627 postquam
488 2585 646 2618 omnium
682 2596 748 2620 ora
785 2596 864 2620 eon—

125 2640 227 2665 versa
251 2633 336 2664 sunt
360 2631 433 2664 und
458 2631 683 2674 personlieh:
710 2632 770 2674 21,
792 2637 823 2673 3,
843 2636 865 2666 4

126 2689 161 2711 u.
182 2680 215 2719 4,
241 2681 258 2710 1
280 2687 359 2711 eum
379 2687 497 2712 omnes
515 2678 556 2712 in
574 2688 609 2712 se
629 2680 864 2713 convertisset.

174 2733 206 2764 2.
227 2730 321 2765 inter
341 2730 470 2776 cetera]
497 2732 588 2765 statt
606 2730 669 2765 des
688 2731 865 2775 gewohn-

127 2775 266 2812 11611611.
292 2787 372 2812 eum
396 2779 509 2812 multa
530 2798 572 2802 —
594 2781 669 2812 tum
694 2777 754 2812 bei
786 2777 863 2812 Liv-

127 2823 327 2859 mehrfaeh.
377 2823 441 2868 27,
481 2828 540 2868 10,
577 2828 597 2859 6
629 2825 723 2859 inter
753 2825 867 2859 multa

128 2870 206 2904 alia
227 2871 419 2914 praeclara
439 2892 480 2896 —
502 2882 621 2906 recens
639 2873 745 2906 etiam
766 2872 865 2906 meri-

127 2920 203 2952 tum
228 2928 347 2952 eoram
372 2938 415 2942 —
441 2922 695 2954 commemorat.

985 1421 1016 1451 3.
1068 1417 1226 1461 deperire
1275 1427 1353 1451 enm
1409 1417 1547 1460 amore]
1600 1416 1675 1451 die-

938 1463 1039 1498 selbe
1063 1463 1304 1508 Verbindung
1333 1464 1428 1498 noch
1464 1463 1529 1506 27,
1564 1467 1623 1506 15,
1655 1467 1678 1497 9

931 1511 1137 1555 praefectus
1168 1511 1351 1555 deperibat
1383 1521 1501 1545 amore
1530 1511 1673 1544 mulier-

939 1558 1058 1599 culae‚·
1072 1559 1173 1592 sonst
1183 1558 1221 1592 in
1232 1558 1367 1592 diesem
1381 1557 1491 1592 Sinne
1502 1557 1676 1592 meistens

939 1605 1174 1640 dichterisch.

987 1664 1223 1709 accuratus]‘
1228 1663 1296 1697 mit
1304 1662 1467 1707 Sorgfalt
1474 1662 1673 1708 gemacht?

940 1722 1008 1745 nur
1026 1722 1096 1745 von
1118 1710 1280 1755 Dingen
1301 1711 1442 1745 hier—
1399 1727 1443 1739 =
1464 1711 1677 1754 compositus

939 1757 1038 1792 wohl
1069 1757 1248 1802 fiberlegt.
1294 1757 1353 1800 34,
1391 1761 1424 1800 5,
1457 1761 1476 1791 2
1516 1758 1678 1791 oratzone

939 1805 1046 1849 lonya
1073 1809 1104 1839 et
1130 1808 1312 1839 accurata.
1354 1804 1418 1846 35,
1445 1808 1501 1846 31,
1527 1808 1548 1838 4
1575 1814 1676 1838 aecu-

940 1853 1056 1886 ratz'or
1081 1853 1207 1886 oratio.

986 1915 1018 1945 4.
1045 1911 1186 1945 iuvenis
1212 1931 1254 1935 —
1281 1910 1457 1955 iuvenem]
1484 1910 1550 1944 Die
1572 1910 1677 1945 Reci—

939 1956 1099 2001 procitat
1130 1957 1194 1991 der
1221 1957 1459 1992 Substantiva
1485 1957 1588 1992 dient
1611 1968 1679 1991 vor

939 2004 1036 2038 allen
1080 2003 1225 2048 Dingen
1269 2005 1377 2048 dazu,
1427 2004 1495 2038 den
1537 2004 1677 2049 jungeri

940 2050 1094 2095 Spanier
1120 2052 1194 2085 und
1220 2051 1290 2086 den
1310 2052 1452 2096 jungen
1476 2051 1677 2085 Feldherrn

938 2097 976 2131 in
996 2097 1114 2132 dieser
1131 2097 1341 2143 Beziehung
1361 2098 1535 2133 einander
1553 2097 1676 2143 gleich

937 2157 981 2179 zu
1007 2145 1148 2180 stellen.
1186 2145 1225 2188 1,
1252 2149 1284 2188 9,
1310 2150 1331 2180 4
1356 2156 1401 2179 ne
1424 2149 1678 2190 qravarentur,

937 2192 1093 2226 homines
1125 2203 1203 2227 cum
1235 2193 1438 2227 hominibus
1465 2193 1677 2236 sanquinem

939 2249 981 2273 ae
1005 2250 1116 2284 yenus
1141 2241 1293 2274 miseere.

983 2299 1154 2333 sermonis
1178 2297 1407 2343 verecundia]
1443 2297 1583 2332 ‘Damit
1612 2309 1681 2331 un-

939 2356 1016 2379 sere
1060 2345 1319 2389 Untenedung
1367 2345 1527 2389 weniger
1575 2345 1676 2389 pein-

938 2392 1052 2427 liches
1089 2392 1204 2434 habe,
1241 2391 1307 2425 wir
1345 2391 1397 2426 sie
1435 2391 1596 2437 weniger
1633 2403 1676 2426 zu

939 2439 1096 2474 scheuen
1126 2439 1339 2474 brauchen’.
1384 2438 1419 2481 3,
1447 2443 1501 2482 70,
1529 2443 1571 2473 15
1597 2449 1678 2473 eon-

937 2487 1076 2521 sulibus
1096 2506 1138 2511 ——
1159 2486 1392 2521 verecundiae
1413 2486 1487 2529 fuit
1512 2486 1545 2529 5,
1568 2490 1622 2529 14,
1644 2490 1676 2521 2.

938 2534 972 2577 9,
999 2537 1054 2578 26,
1085 2538 1137 2568 17.

985 2603 1064 2627 cum
1107 2603 1239 2636 sponsa
1284 2592 1369 2637 tua]
1415 2591 1484 2626 Die
1521 2591 1677 2627 Periode

937 2638 1072 2674 mfisste
1111 2639 1204 2674 sein:
1249 2650 1328 2673 eum
1366 2649 1498 2683 sponsa
1535 2641 1600 2673 tua
1632 2658 1676 2663 —

939 2686 1048 2720 dueta
1079 2690 1181 2728 esset,
1212 2687 1300 2729 quia
1324 2686 1400 2729 ipse
1423 2686 1564 2719 veniam
1589 2686 1678 2719 mihi

939 2732 1023 2766 dari
1051 2733 1171 2766 vellem
1198 2753 1238 2757 —
1267 2733 1384 2767 amori
1414 2736 1475 2766 tao
1501 2733 1676 2768 consului.

939 2777 1013 2812 Das
1035 2778 1190 2813 Prasens
1215 2779 1317 2821 faveo
1342 2779 1430 2813 aber
1454 2778 1502 2812 ist
1525 2780 1678 2823 gesetzt,

939 2824 1023 2860 weil
1059 2824 1098 2859 in
1136 2825 1191 2859 Sc.
1230 2825 1288 2860 die
1324 2825 1384 2860 bei
1422 2825 1576 2860 Eintritt
1612 2826 1677 2861 der

939 2871 1192 2917 Begebenheit
1205 2871 1446 2907 herrschende
1461 2871 1677 2918 Gesinnung

940 2919 1032 2954 auch
1055 2919 1148 2964 jetzt
1172 2919 1266 2954 noch
1291 2919 1482 2964 vorwiegt.
