2000 3338
194 608 236 639 10

194 843 236 874 11

196 960 237 990 12

259 140 317 182 64

773 137 917 172 LIBER
941 136 1070 171 XXVI.
1120 135 1222 171 CAP.
1249 139 1304 171 30.
1651 152 1676 170 a.
1696 151 1724 169 u.
1743 144 1805 170 544.

259 262 346 290 11011
376 245 588 300 oppressis
621 242 896 297 Syracusanis
933 242 1106 296 tyranni
1142 255 1290 283 eorum
1319 241 1600 296 Hippocrates
1632 245 1675 284 et
1705 241 1806 296 Epi-

261 305 384 359 cydes
417 303 686 355 clausissent,
718 301 755 342 si
780 299 1200 355 Carthaginiensium
1231 300 1384 340 animis
1414 299 1576 342 bellum
1607 315 1704 343 cum
1732 314 1807 355 po-

262 363 361 418 pulo
399 361 594 403 Romano
630 359 884 415 gessissent,
921 358 1022 413 quid
1057 358 1173 399 ultra
1208 371 1336 412 quam
1372 357 1485 412 quod
1520 359 1686 414 fecerit,
1721 358 1807 400 nisi

263 424 309 462 ut
328 420 489 462 deleret
507 417 760 473 Syracusas,
785 417 924 459 facere
943 417 1159 458 hostiliter
1177 415 1426 457 Marcellum
1445 417 1664 470 potuisse?
1695 419 1808 459 certe

261 481 432 533 praeter
462 477 631 520 moenia
663 479 705 518 et
734 478 848 518 tecta
874 475 1083 518 exhausta
1113 475 1230 516 urbis
1257 479 1300 516 et
1329 473 1514 516 refracta
1545 489 1592 516 ac
1624 476 1809 529 spoliata

263 537 387 579 deum
418 536 610 590 delubra,
642 535 704 577 dis
730 535 834 589 ipsis
864 533 1210 588 ornamentisque
1236 547 1382 574 eorum
1409 532 1581 585 ablatis,
1611 533 1720 575 nihil
1745 548 1810 575 re-

262 597 412 638 lictum
450 594 669 650 Syracusis
707 608 811 635 esse.
872 593 984 635 bona
1021 606 1187 647 quoque
1225 591 1370 633 multis
1409 591 1626 645 adempta,
1666 593 1726 633 ita
1762 595 1811 634 ut

262 669 315 696 ne
351 654 465 696 nudo
503 653 674 709 quidem
712 653 820 707 solo,
856 651 1047 706 reliquiis
1085 651 1275 705 direptae
1312 649 1529 703 fortunae,
1570 649 1682 691 alere
1720 664 1812 692 sese

263 728 311 756 ac
343 728 442 755 suos
473 714 663 767 possent.
723 725 845 752 orare
879 725 922 752 se
954 713 1097 764 patres
1130 709 1410 763 conscriptos,
1448 711 1497 750 ut
1529 708 1564 749 si
1601 711 1814 763 nequeant

264 772 423 822 omnia,
463 771 614 812 saltem
652 783 759 824 quae
791 770 1066 822 compareant
1104 768 1388 822 cognoscique
1425 767 1607 822 possint,
1646 767 1815 808 restitui

265 830 446 872 dominis
477 829 665 870 iubeant.
714 827 819 868 talia
844 829 1098 880 conquestos
1131 841 1225 868 cum
1251 826 1448 868 excedere
1475 841 1526 868 cx
1556 826 1737 880 templo,
1768 828 1816 867 ut

265 889 314 930 de
345 887 574 942 postulatis
601 901 749 928 eorum
779 888 923 940 patres
951 885 1116 926 consuli
1146 889 1342 939 possent,
1367 885 1577 926 Laevinus
1609 885 1816 937 iussisset,

265 945 508 1000 ‘maneant,’
540 945 681 1000 inquit
699 943 945 997 Marcellus,
978 942 1041 984 ‘ut
1066 957 1210 985 coram
1238 943 1289 984 iis
1315 944 1613 997 respondeam,
1646 943 1814 998 quando

265 1021 315 1048 ea
346 1004 592 1048 condicione
629 1018 706 1058 pro
745 1003 882 1056 vobis,
919 1003 1062 1057 patres
1095 1001 1342 1055 conscripti,
1379 1001 1490 1042 bella
1527 1002 1732 1056 gerimus,
1769 1004 1818 1043 ut

264 1065 402 1107 victos
445 1063 575 1106 armis
619 1065 886 1104 accusatores
929 1061 1183 1114 habeamus,
1232 1060 1340 1101 duae
1384 1063 1534 1114 captae
1576 1060 1657 1102 hoc
1702 1075 1815 1102 anno

265 1124 410 1177 urbes,
448 1121 596 1176 Capua
626 1120 826 1162 Fulvium
865 1134 1001 1174 reum,
1041 1118 1290 1161 Marcellum
1328 1117 1566 1173 Syracusae
1604 1118 1817 1160 habeant'.

266 1250 422 1286 handelt
430 1249 562 1285 hatte?
581 1249 652 1284 Ein
662 1248 902 1294 cigentlicher
909 1247 1007 1283 Frei-

267 1299 366 1333 staat
400 1308 477 1332 war
508 1296 677 1331 dasselbe
713 1295 801 1330 aber
833 1295 1008 1330 wahrend

190 1361 194 1366 ·
263 1345 369 1390 jener
405 1355 547 1390 ganzen
583 1342 663 1378 Zeit
692 1342 796 1377 nicht
825 1352 1007 1387 gewesen.

317 1403 671 1448 Carthayiniensium
701 1401 857 1447 animis]
889 1402 1007 1436 meta-

267 1450 444 1496 phorisch
487 1449 546 1484 fiir
584 1449 655 1484 den
691 1449 872 1484 hochsten
909 1447 1008 1483 Grad

268 1509 340 1533 von
365 1496 616 1532 Feindschaft.
654 1507 684 1531 e.
711 1500 774 1538 33,
803 1499 823 1530 9
850 1496 1008 1530 omnium

271 1544 539 1590 Campanorum
562 1545 711 1579 eundem·
735 1554 820 1588 er9a
839 1553 904 1578 nos
928 1543 1009 1577 ani-

269 1603 366 1626 mum
389 1603 490 1637 quem
506 1591 859 1636 Carthayiniensium
885 1589 1008 1633 fuisse.

317 1653 349 1686 8.
387 1651 487 1685 ultra
532 1649 661 1695 quam]
707 1649 797 1684 iiber
834 1648 899 1683 das
938 1647 1009 1683 Ge-

272 1698 454 1733 schehene
479 1697 629 1741 hinaus;
661 1697 827 1742 dagegen
849 1698 1009 1740 praeter-

270 1756 378 1790 quam
388 1745 500 1789 quod:
512 1743 634 1779 ausser
645 1744 727 1778 dem
737 1743 1010 1785 Geschehenen,

216 1838 220 1841 ,
271 1804 314 1827 zu
334 1792 417 1827 dem
437 1790 700 1826 Geschehenen
718 1790 837 1825 hinzu.
873 1789 933 1832 28,
955 1793 1009 1831 39,

272 1844 291 1874 2
307 1840 400 1894 nihil
412 1839 512 1873 ultra
524 1839 699 1873 malorum
715 1842 775 1880 est,
794 1848 899 1882 quam
917 1837 1012 1881 quod

269 1897 367 1931 passv
394 1896 526 1921 sumus.

319 1950 350 1980 9.
376 1948 467 1980 tecta
492 1944 684 1990 exhausta]
715 1943 784 1978 mit
807 1942 1013 1978 Rficksieht

272 1993 338 2027 auf
371 1992 430 2027 die
468 2003 534 2027 aus
572 1990 772 2026 denselben
809 1990 1012 2036 geraubten

273 2038 553 2085 Gegenstiinde3
604 2038 765 2073 dieselbe
815 2037 1014 2081 Wendung

272 2086 490 2121 wiederholt
513 2085 574 2121 bei
588 2085 880 2129 Ph‘inderungen.
907 2084 941 2127 5,
956 2089 1012 2127 41,

276 2138 319 2168 10
338 2134 456 2178 diripi
473 2136 576 2175 tecta,
590 2133 773 2167 exhaustis
791 2133 883 2166 inici
902 2133 1011 2175 iynes.

274 2181 334 2221 10,
373 2185 429 2224 44,
468 2184 488 2214 2
526 2181 709 2215 exhaustis
746 2179 873 2214 deinde
916 2179 1014 2213 tectis

274 2229 392 2273 iynem
415 2228 549 2262 iniecit.

321 2276 378 2310 dis
397 2274 504 2321 ipsis]
525 2274 584 2309 die
600 2273 852 2309 Gotterbilder
867 2272 1014 2307 werden

275 2322 378 2357 nicht
398 2322 516 2357 selten
536 2321 605 2356 mit
623 2321 693 2356 den
708 2320 862 2355 Go'ttern
882 2319 1013 2354 identi-

276 2369 394 2404 ficiert
411 2369 486 2404 und
505 2368 688 2413 geradezu
706 2368 761 2403 dii
779 2368 953 2412 genannt.
979 2366 1014 2409 3,

279 2420 333 2460 17,
348 2420 368 2451 3
394 2417 475 2451 deos
494 2417 539 2451 ab
565 2415 724 2451 hostibus
746 2418 879 2459 captos.
905 2415 939 2457 5,
958 2417 1014 2456 22,

279 2467 310 2499 3.
340 2463 400 2507 38,
427 2467 484 2506 43,
511 2467 531 2498 6
562 2463 759 2498 simulacra
785 2462 906 2503 deum,
936 2461 1017 2496 cleos

278 2512 384 2546 immo
403 2511 500 2555 ipsos
515 2511 701 2545 convulsos
715 2520 757 2544 επ.
769 2508 911 2544 sedibus
929 2509 1014 2542 suis.

328 2573 381 2604 10.
395 2569 490 2604 bona
509 2579 646 2613 quoque
660 2595 783 2603 ......
800 2568 966 2611 adempta
985 2571 1016 2601 et

277 2628 308 2662 q.
334 2616 379 2662 8.]
406 2626 467 2659 „es
500 2616 552 2650 sei
578 2615 698 2651 vielen
733 2615 797 2650 der
821 2615 943 2649 Besitz
969 2625 1016 2648 an

279 2663 407 2699 Grund
439 2663 512 2698 und
545 2663 667 2698 Boden
699 2671 936 2707 genommen,
977 2671 1016 2696 so

279 2710 358 2746 dass
384 2710 436 2746 sie
463 2710 566 2745 nicht
590 2710 726 2745 einmal
757 2709 823 2744 auf
845 2708 1016 2743 nacktem

279 2758 417 2801 Boden,
436 2757 505 2793 mit
518 2758 601 2792 dem
617 2769 692 2792 was
706 2756 765 2791 die
779 2755 1017 2799 Pliinderung

281 2805 392 2840 ihnen
417 2805 525 2849 fibrig
550 2805 718 2849 gelassen
742 2804 921 2848 (reliquiis
946 2803 1016 2838 dir.

280 2853 381 2894 sort.)
405 2852 463 2888 ihr
478 2851 600 2887 Leben
625 2852 754 2886 fristen
776 2850 955 2885 11ὃ1111811“.
975 2870 1014 2874 —-

282 2900 373 2934 bona
406 2900 578 2941 adimere,
620 2909 725 2943 ayros
757 2899 814 2932 ad.
848 2896 1017 2932 officiclle

1079 1246 1290 1281 Ausdrucke
1329 1246 1387 1280 fiir
1424 1245 1646 1289 „Einziehen
1683 1245 1718 1281 d.
1753 1244 1818 1280 G.“

1079 1294 1141 1337 31,
1167 1298 1223 1336 31,
1251 1298 1293 1328 15
1319 1294 1442 1328 ceteris
1466 1294 1521 1327 ita
1545 1293 1736 1337 oppidum,
1765 1293 1820 1328 ita

1080 1352 1185 1386 αρν-οε
1205 1341 1411 1376 ademimus.
1437 1340 1536 1375 nudo
1554 1340 1627 1375 solo
1649 1339 1698 1374 ist
1718 1339 1820 1374 loka-

1079 1388 1150 1431 ler,
1167 1388 1330 1432 reliquiis
1342 1387 1644 1422 instrumentaler
1657 1386 1818 1422 Ablativ.

1127 1434 1372 1480 compareant]
1399 1433 1634 1479 gewohnlich
1653 1445 1726 1469 von
1751 1433 1823 1469 sol·

1081 1483 1174 1517 chen
1200 1482 1343 1527 Dingen
1368 1483 1517 1526 gesagt,
1550 1481 1608 1516 die
1640 1481 1821 1516 nachdem

1081 1530 1250 1572 anderes,
1277 1530 1342 1563 das
1369 1528 1438 1563 mit
1461 1528 1573 1563 ihnen
1597 1528 1648 1563 im
1673 1528 1822 1563 Zusam-

1081 1577 1286 1620 menhange
1303 1575 1423 1619 stand,
1444 1575 1611 1610 verloren
1627 1585 1821 1620 gegangen

1080 1624 1139 1665 ist,
1168 1623 1281 1658 noch
1304 1622 1517 1658 vorhanden
1535 1622 1627 1657 sind.
1653 1621 1714 1666 25,
1728 1625 1784 1661 40,
1800 1625 1821 1657 3

1081 1681 1232 1715 quorum
1263 1671 1465 1714 perexigua
1503 1680 1595 1714 pars
1632 1672 1821 1713 comparet.

1082 1718 1142 1759 27,
1169 1721 1225 1760 24,
1251 1721 1271 1751 8
1297 1717 1516 1762 neyantibus
1538 1717 1585 1751 iis
1610 1726 1821 1760 comparere.

1083 1776 1112 1799 c.
1140 1769 1195 1807 26,
1223 1768 1266 1798 14
1297 1765 1419 1799 onznia
1445 1765 1703 1808 comparuisse,
1733 1773 1824 1808 quae

1083 1812 1253 1847 adsolent.
1281 1811 1340 1852 29,
1363 1815 1417 1854 21,
1439 1816 1470 1846 6.
1497 1810 1557 1854 30,
1577 1814 1632 1853 37,
1653 1815 1691 1845 11
1711 1814 1744 1844 uL
1758 1809 1823 1846 oft.

1130 1858 1374 1904 coyowscique]
1404 1858 1485 1892 eine
1516 1857 1576 1893 bei
1601 1856 1823 1892 Revindika-

1083 1906 1163 1941 tion
1199 1917 1271 1941 von
1303 1906 1417 1940 Beute
1449 1905 1553 1939 nicht
1585 1904 1725 1940 seltene
1757 1903 1826 1939 Be·

1085 1953 1295 1998 stimmung.
1346 1952 1406 1996 24,
1435 1956 1488 1995 16,
1515 1956 1534 1986 5
1568 1956 1600 1987 et
1629 1962 1739 1996 pecus
1766 1962 1825 1986 ex-

1084 2004 1221 2045 ceptum
1241 2005 1308 2043 est,
1334 2000 1428 2045 quod
1447 2000 1546 2034 intra
1572 2000 1647 2034 dies
1673 1999 1827 2044 tn'yinta

1085 2048 1223 2083 domini
1248 2048 1502 2092 coynovissent.

1136 2100 1187 2130 11.
1215 2095 1377 2130 e-rcedere
1395 2105 1439 2129 ea>
1458 2093 1600 2138 templo]
1629 2092 1746 2127 damit
1765 2091 1825 2126 die

1087 2141 1289 2177 Senatoren
1315 2141 1352 2176 in
1375 2141 1480 2175 ihren
1498 2140 1733 2184 Beratungen
1758 2151 1825 2174 un-

1085 2190 1228 2234 gestort
1264 2192 1404 2228 waren,
1445 2187 1603 2222 mussten
1640 2185 1826 2222 Gesandte

1087 2248 1120 2271 u.
1154 2249 1180 2270 s.
1214 2247 1257 2270 w,
1297 2235 1392 2270 nach
1424 2234 1583 2279 Vortrag
1618 2232 1716 2268 ihtes
1751 2235 1827 2268 An-

1087 2283 1227 2328 liegens
1254 2281 1489 2327 regelmzissig
1514 2281 1573 2316 die
1597 2279 1704 2316 Curie
1728 2283 1826 2322 (tem-

1081 2331 1201 2375 plum)
1226 2329 1421 2364 verlassen.
1459 2340 1488 2364 e.
1517 2332 1571 2372 33,
1598 2331 1620 2362 4
1644 2328 1828 2363 summotis

1087 2377 1214 2413 deinde
1239 2388 1255 2412 e
1280 2377 1417 2420 templo.

1137 2428 1188 2459 12.
1227 2423 1388 2469 quando]
1430 2423 1487 2457 fiir
1527 2422 1829 2467 quandoquidem,

1088 2471 1246 2507 welches
1266 2471 1303 2505 111
1324 2473 1439 2506 erst-er
1455 2469 1606 2505 Dekade
1626 2468 1827 2512 bisweilen,

1088 2519 1126 2553 in
1163 2518 1233 2553 den
1272 2518 1470 2563 folgenden
1510 2529 1578 2551 nur
1615 2516 1828 2551 auenahms-

1088 2566 1196 2600 weise
1229 2565 1422 2600 erscheint.
1458 2576 1486 2599 c.
1517 2569 1570 2605 15,
1598 2567 1651 2598 14.
1682 2562 1828 2607 quando

1089 2613 1257 2658 dagegen
1282 2612 1332 2647 ist
1358 2611 1481 2656 haufig
1506 2623 1535 2646 c.
1560 2614 1615 2651 50,
1639 2613 1690 2645 12.
1717 2608 1778 2651 22,
1794 2613 1827 2650 8,

1089 2664 1119 2695 7.
1159 2659 1217 2701 24,
1244 2665 1276 2702 3,
1305 2663 1357 2694 13.
1403 2659 1462 2701 25,
1491 2662 1544 2699 16,
1574 2662 1612 2691 11
1648 2668 1681 2691 u.
1712 2660 1768 2700 32,
1793 2660 1826 2691 2.

1089 2708 1154 2749 28,
1190 2711 1248 2749 15,
1283 2710 1324 2741 13
1358 2718 1391 2741 u.
1425 2717 1451 2740 s.
1486 2717 1527 2739 w.
1566 2704 1620 2739 oft
1657 2704 1753 2738 auch
1791 2703 1829 2738 in

1093 2760 1121 2789 1.
1150 2753 1310 2789 Dekade.

1135 2802 1229 2836 duae
1242 2799 1383 2844 captae]
1400 2799 1457 2833 die
1472 2797 1696 2843 Gegeusittze
1710 2808 1827 2833 accus.

1089 2848 1281 2883 habeamus
1302 2867 1342 2871 —
1365 2858 1462 2881 reu-m
1488 2866 1529 2871 —
1555 2845 1729 2886 habeant,
1754 2846 1829 2880 und

1091 2895 1153 2929 der
1168 2894 1358 2929 Chiasmus
1375 2893 1502 2937 Capua
1525 2892 1697 2928 Fulvium
1725 2892 1829 2927 Mar-
