2000 3338
124 179 152 198 a.
175 171 241 198 clue.
260 179 288 196 n.
309 171 370 196 210.

124 282 329 323 passuum
367 267 412 309 in
449 267 722 308 latitudinem
761 269 926 321 patens.

591 160 734 194 LIBER
759 160 889 195 XXV1.
941 159 1042 195 CAP.
1069 163 1125 194 42.
1152 164 1207 195 43.
1622 159 1678 200 93

993 266 1118 308 huius
1156 267 1202 308 in
1240 266 1351 308 ostio
1391 267 1506 308 sinus
1547 281 1680 320 parva
1706 277 1726 308 8

122 326 264 368 insula
296 325 463 367 obiecta
494 325 547 367 ab
581 326 668 367 alto
700 328 874 380 portum
907 325 959 366 ab
986 325 1182 367 omnibus
1208 325 1346 367 ventis
1378 327 1679 379 praeterquam

122 384 271 426 Africo
309 386 450 425 tutum
487 384 603 426 facit.
666 384 718 425 ab
759 384 910 425 intimo
949 384 1045 425 sinu
1082 384 1337 437 paeninsula
1374 383 1577 436 excurrit,
1615 386 1680 424 tu—

121 442 264 484 mulus
301 442 337 482 is
374 442 484 496 ipse,
525 443 568 483 in
606 457 688 496 quo
727 441 901 484 condita
937 442 1037 483 urbs
1077 445 1158 495 est,
1202 442 1255 482 ab
1295 443 1392 483 ortu
1436 441 1538 483 solis
1576 443 1618 482 et
1655 456 1681 483 a

121 500 296 542 meridie
328 500 467 542 cincta
497 501 624 554 mari;
657 500 710 542 ab
743 514 896 541 occasu
928 502 1129 553 stagnum
1158 500 1316 540 claudit
1346 500 1522 553 paulum
1554 502 1596 540 et
1628 499 1681 541 ad

121 559 473 613 septemtrionem
505 558 665 612 fusum,
702 558 889 599 incertae
921 557 1161 598 altitudinis
1193 560 1422 610 utcumque
1455 559 1680 599 exaestuat

121 621 197 658 aut
237 617 378 659 deficit
415 631 542 658 mare.
610 615 847 658 continenti
884 615 1034 655 urbem
1077 615 1226 669 iugum
1263 615 1468 656 ducentos
1511 615 1600 657 fere
1639 619 1682 657 et
1706 627 1726 657 9

122 675 436 731 quinquaginta
472 689 624 729 passus
661 676 815 728 patens
854 673 1088 728 coniungit.
1149 673 1258 714 unde
1296 687 1392 714 eum
1431 677 1523 714 tam
1560 675 1681 727 parvi

121 735 264 788 operis
296 733 477 775 munitio
510 734 640 786 esset,
677 746 764 773 non
797 731 954 773 obiecit
984 731 1147 772 vallum
1184 732 1419 786 imperator
1449 732 1681 786 Romanus,

122 806 198 834 seu
235 791 431 833 fiduciam
468 790 586 832 hosti
618 790 798 844 superbe
831 792 1071 843 ostentans,
1108 790 1196 831 sive
1228 792 1276 831 ut
1315 790 1514 831 subeunti
1554 805 1680 845 saepe
1709 802 1750 833 10

121 850 176 892 ad
202 850 368 892 moenia
394 849 511 890 urbis
537 862 733 890 recursus
759 851 936 902 pateret.
981 851 1137 902 cetera,
1163 863 1270 902 quae
1297 849 1529 890 munienda
1549 852 1680 903 erant,
1694 850 1750 891 43

121 923 218 951 cum
249 907 516 962 perfecisset,
552 922 683 948 naves
717 907 846 948 etiam
879 908 923 949 in
954 909 1100 961 portu,
1135 907 1253 948 velut
1284 908 1546 949 maritimam
1578 922 1680 962 quo-

122 980 203 1021 que
236 968 456 1008 ostentans
490 965 771 1019 obsidionem,
809 966 1032 1019 instruxit,
1070 965 1460 1019 circumvectusque
1498 967 1681 1007 classem

122 1039 219 1068 cum
244 1024 482 1066 monuisset
513 1024 753 1079 praefectos
779 1025 970 1077 navium,
1001 1026 1050 1065 ut
1075 1024 1244 1079 vigilias
1269 1027 1501 1065 nocturnas
1527 1025 1681 1066 intenti

120 1084 361 1134 servarent,
400 1083 545 1125 omnia
581 1083 739 1137 ubique
775 1083 916 1137 primo
955 1082 1178 1124 obsessum
1215 1082 1385 1124 hostem
1417 1083 1580 1133 conari,
1621 1098 1680 1124 re·
1708 1106 1728 1136 2

121 1155 296 1197 gressus
328 1142 372 1183 in
406 1145 563 1195 castra,
595 1144 643 1182 ut
675 1141 844 1183 consilii
875 1141 941 1183 sui
972 1140 1202 1194 rationem,
1242 1141 1353 1196 quod
1385 1141 1438 1182 ab
1471 1142 1575 1183 urbe
1606 1156 1682 1195 po-

121 1200 340 1242 tissimum
372 1199 659 1255 oppugnanda
690 1200 854 1241 bellum
886 1214 1008 1241 orsus
1035 1202 1165 1253 esset,
1196 1200 1405 1241 militibus
1438 1199 1681 1241 ostenderet

123 1261 166 1301 et
198 1273 318 1313 spem
352 1258 584 1313 potiundae
616 1258 878 1300 cohortando
917 1257 1095 1312 faceret,
1135 1258 1333 1300 contione
1374 1258 1582 1300 advocata
1618 1258 1680 1300 ita

122 1317 341 1359 disseruit:
375 1317 444 1358 ‘ad
476 1317 625 1358 urbem
657 1332 787 1358 unam
814 1317 1147 1372 oppugnandam
1180 1317 1216 1358 si
1249 1317 1343 1371 quis
1370 1331 1445 1358 vos
1476 1316 1679 1359 adductos
1707 1340 1727 1370 3

122 1375 274 1429 credit,
323 1377 360 1417 is
404 1376 544 1430 magis
589 1376 728 1430 operis
781 1376 914 1416 vestri
965 1390 1093 1429 quam
1144 1375 1421 1417 emolumenti
1470 1376 1681 1416 rationem

122 1437 334 1488 exactam,
365 1435 541 1488 milites,
572 1434 714 1475 habet.
762 1434 1066 1488 oppugnabitis
1093 1434 1207 1475 enim
1234 1448 1330 1475 vere
1356 1435 1527 1475 moenia
1556 1434 1680 1476 unius

171 1552 203 1585 8.
227 1549 337 1584 huius
355 1550 397 1583 iu
414 1550 504 1584 ostio
523 1549 641 1594 sinus]
663 1549 741 1585 Liv.
763 1549 865 1584 stellt

121 1596 187 1631 das
212 1596 437 1639 Pronomen,
469 1596 696 1631 namentlich
721 1596 787 1631 das
810 1607 865 1630 re-

121 1643 248 1686 lative,
262 1654 353 1688 gern
366 1654 433 1678 vor
446 1642 505 1678 die
519 1642 765 1688 Pr'aposition,
783 1642 864 1677 eine

120 1689 406 1734 Wortstellung,
421 1689 480 1724 die
489 1690 558 1724 mit
565 1689 703 1725 seinem
712 1689 866 1725 Streben

120 1736 306 1771 zwischen
331 1736 542 1782 abhangige
563 1736 734 1772 Genitive
758 1737 867 1772 einen

120 1783 441 1828 prapositionalen
461 1783 658 1818 Ausdruck
683 1795 726 1818 zu
751 1783 866 1818 schie—

120 1830 204 1873 ben,
225 1830 573 1876 zusammenhangt:
594 1830 628 1874 1,
649 1834 681 1874 9,
703 1834 746 1865 13
760 1831 865 1866 euius

124 1877 174 1912 ad
197 1877 348 1912 solemne
374 1904 382 1911 .
411 1905 417 1911 .
446 1904 452 1911 .
481 1907 487 1913 .
513 1878 701 1912 venissent.

169 1924 306 1959 obieeta
325 1925 369 1959 ab
391 1925 480 1970 alto]
500 1924 546 1959 37
553 1952 561 1967 ,
579 1928 635 1966 23,
654 1929 672 1958 7
694 1925 865 1959 obiectum

121 1971 166 2005 ab
205 1971 289 2006 alto.
328 1972 416 2006 ibid.
462 1982 491 2006 c.
530 1975 589 2014 11,
622 1975 661 2015 8,
699 1971 867 2016 dagegen

120 2016 184 2061 30,
209 2021 267 2059 24,
293 2021 313 2052 9
340 2019 464 2052 insula
495 2029 537 2053 ea
567 2019 688 2053 sinum
719 2019 764 2053 ab
793 2019 867 2053 alto

122 2065 273 2099 claudit.

164 2111 435 2157 praeterquam]
463 2111 537 2156 vgl.
565 2122 595 2146 c.
624 2115 683 2155 13,
719 2115 772 2146 14.
805 2111 866 2155 21,

121 2160 155 2200 8,
173 2161 214 2192 10
234 2161 490 2203 praeterquam
509 2159 558 2193 ad
585 2162 789 2193 eaetremum.
830 2157 865 2201 2,

123 2207 180 2248 56,
208 2209 227 2239 7
253 2205 348 2250 nillil
367 2208 623 2250 praeterquam
654 2207 697 2240 de
721 2206 793 2250 leqe
818 2206 865 2240 lo-

120 2252 186 2295 qui
199 2271 255 2286 -.
286 2252 385 2287 Uber
399 2252 458 2286 die
472 2263 538 2287 vor
551 2253 682 2295 Africo
693 2252 864 2287 fehlende

121 2298 372 2342 Praposition:
399 2310 428 2334 c.
449 2302 506 2343 41,
527 2302 547 2334 8
567 2300 707 2334 nullius
725 2300 766 2334 in
786 2301 865 2334 am'-

121 2354 190 2387 mo,
216 2356 324 2389 quam
347 2356 431 2381 meo.

165 2392 390 2436 paeninsula
422 2393 602 2438 exaurit]
639 2392 706 2436 32,
732 2397 795 2437 23,
824 2397 866 2427 10

117 2439 412 2484 promunturium
423 2459 466 2464 —
480 2440 522 2473 in
534 2440 648 2474 altum
660 2450 864 2475 excurrens.

123 2484 185 2527 37,
214 2488 270 2528 31,
297 2489 317 2519 9
344 2486 473 2530 linqua
498 2506 541 2511 —-
568 2497 772 2522 excurrens.

171 2532 334 2566 tumulus
369 2533 401 2567 is
438 2532 529 2578 ipse]
568 2533 790 2578 Apposition
824 2546 867 2568 zu

116 2578 357 2624 paeninsula:
408 2578 476 2613 auf
513 2579 633 2614 dieser
675 2579 868 2616 Ralbinsel

123 2625 220 2670 liegt
244 2624 302 2660 die
328 2625 496 2660 Anhohe.

173 2672 367 2718 uteunque]
391 2672 430 2717 je
455 2672 654 2714 nachdem3
680 2673 775 2707 auch
800 2673 870 2707 mit

124 2719 212 2753 dem
229 2718 462 2764 Konjunktiv
482 2719 546 2753 der
565 2718 867 2764 Wiederholung.

123 2764 186 2809 21,
213 2769 269 2809 35,
294 2769 314 2800 2
340 2770 521 2811 utcunque
544 2767 642 2801 loeus
662 2787 703 2790 —
724 2769 869 2811 oportu-

125 2812 276 2848 nitatem
300 2813 413 2848 daret.

173 2860 378 2906 exaestuat]
417 2859 660 2904 dichterisch,
697 2858 759 2895 bei
789 2860 868 2894 Liv.

128 2915 198 2940 nur
221 2905 311 2941 hier.

986 1553 1017 1584 9.
1038 1549 1135 1584 wude
1154 1560 1233 1584 cum
1249 1569 1290 1573 -
1306 1549 1460 1583 munitio
1479 1548 1580 1594 esset]
1602 1548 1681 1583 ‘ob-

937 1595 1037 1630 wohl
1063 1596 1140 1630 auf
1162 1595 1281 1630 dieser
1307 1595 1442 1638 Seite’3
1466 1595 1681 1630 lateinisch:

937 1644 1079 1678 munire
1104 1643 1148 1678 ab
1171 1644 1282 1687 aliqu.
1306 1645 1424 1687 parte,
1442 1655 1472 1677 z.
1493 1642 1532 1676 B.
1553 1641 1588 1684 2,
1608 1646 1641 1686 2,
1661 1646 1681 1676 2

937 1691 1047 1725 ‘nimis
1084 1690 1245 1734 undique
1270 1709 1313 1714 -
1338 1690 1582 1733 (libertatem)
1606 1700 1681 1724 mu-

938 1738 1081 1772 rtiendo.

988 1800 1041 1831 10.
1085 1796 1275 1839 recursus]
1311 1812 1355 1824 =
1392 1798 1569 1839 receptum
1613 1795 1682 1829 wie

938 1843 1166 1877 namentlieh
1195 1842 1260 1876 das
1287 1842 1450 1876 Verbum
1474 1851 1620 1876 recurro
1646 1842 1684 1875 in

939 1890 1077 1924 diesem
1110 1889 1222 1924 Sinne
1253 1888 1320 1932 31,
1347 1892 1409 1931 36,
1436 1892 1456 1922 9
1489 1889 1538 1923 ad
1563 1891 1683 1924 eastra

938 1937 1123 1972 recursuri
1147 1936 1374 1970 videbantur.

987 2018 1016 2041 c.
1043 2005 1104 2050 43,
1133 2011 1163 2041 1.
1196 2005 1325 2051 cetera]
1360 2005 1490 2040 Worin
1517 2005 1594 2040 dies
1619 2005 1681 2039 be-

941 2053 1057 2097 steht,
1089 2053 1140 2088 ist
1163 2053 1268 2087 nieht
1292 2052 1392 2096 klar,
1421 2052 1516 2087 doch
1543 2051 1681 2086 konnte

939 2111 1025 2134 man
1059 2111 1096 2134 es
1128 2100 1195 2134 auf
1222 2099 1366 2144 Anlage
1397 2110 1470 2134 von
1498 2098 1682 2133 Flanken-

939 2147 1157 2192 deckungen
1182 2146 1370 2189 beziehen,
1397 2146 1445 2180 da
1465 2157 1493 2180 c.
1514 2149 1570 2187 42,
1592 2150 1611 2180 6
1632 2146 1683 2180 im

938 2194 1091 2228 Rficken
1115 2194 1174 2228 ein
1201 2193 1395 2238 doppelter
1420 2204 1454 2227 u.
1476 2195 1494 2234 ξ
1515 2197 1535 2227 9
1555 2192 1594 2226 in
1619 2193 1683 2227 der

938 2241 1052 2275 Front
1070 2251 1138 2286 gar
1156 2240 1243 2275 kein
1263 2239 1364 2274 Wall
1383 2239 1560 2274 errichtet
1579 2238 1682 2274 wird.

979 2299 1157 2343 praefecti
1168 2299 1333 2342 navium]
1349 2298 1408 2332 die
1420 2297 1684 2332 Befehlshaber

939 2346 1005 2381 der
1030 2345 1219 2381 einzelnen
1245 2344 1399 2388 Schiffe,
1429 2344 1570 2379 welche
1594 2345 1684 2379 socii

938 2404 1081 2436 waren;
1096 2393 1160 2427 der
1174 2391 1451 2427 Kommandant
1464 2391 1529 2426 der
1542 2402 1684 2436 ganzen

938 2439 1061 2475 Flotte
1099 2439 1137 2475 C.
1176 2438 1323 2474 Laelius
1361 2438 1474 2473 heisst
1510 2449 1540 2473 c.
1567 2442 1629 2481 48,
1664 2442 1682 2472 7

933 2487 1140 2531 praefectus
1172 2486 1296 2521 classis
1329 2486 1423 2530 (vgl.
1453 2485 1685 2529 praefectura

939 2545 968 2568 c.
997 2537 1053 2577 40,
1080 2536 1114 2578 6)
1141 2533 1236 2568 ohne
1263 2531 1342 2568 dass
1368 2544 1407 2567 er
1432 2532 1562 2567 darum
1588 2532 1683 2567 auch

939 2580 1135 2660 ftirseinen
1171 2581 1290 2616 socius
1326 2579 1502 2624 gehalten
1536 2578 1684 2614 werden

940 2639 1002 2661 mu
1020 2639 1046 2662 s.

988 2674 1111 2708 omnia
1135 2673 1281 2719 ubique]
1311 2673 1422 2716 alles,
1447 2682 1504 2707 wo
1524 2683 1562 2707 es
1588 2672 1684 2706 auch

940 2719 1072 2754 immer
1114 2720 1183 2762 sei,
1228 2719 1295 2754 auf
1332 2720 1430 2754 allen
1473 2718 1684 2763 moglichen

941 2765 1124 2800 Punkten.
1151 2765 1235 2810 Vgl.
1252 2776 1369 2800 omnes
1382 2766 1512 2809 ubique
1526 2765 1685 2800 Graecae

941 2813 1045 2847 urbes
1070 2812 1130 2855 33,
1157 2816 1213 2856 34,
1240 2816 1274 2857 3,
1294 2815 1412 2847 sonst:
1439 2822 1568 2856 omues,
1593 2823 1685 2857 quae

940 2860 1036 2904 (qui)
1060 2859 1193 2904 ubique
1215 2862 1310 2894 sunt.
1336 2858 1398 2902 34,
1424 2861 1479 2901 58,
1506 2862 1538 2894 9.

990 2910 1021 2941 3.
1054 2907 1229 2941 rationem
1267 2909 1429 2942 exactam
1459 2906 1584 2952 habet]
1620 2906 1685 2941 hat
