2000 3338
272 126 330 169 96
747 126 891 161 LIBER
915 126 1043 161 XXVI.
1094 126 1195 160 CAP.
1222 129 1279 162 44.
1305 130 1360 162 45.
1669 144 1694 161 a.
1714 144 1744 162 u.
1765 137 1826 163 544.

273 233 416 288 Scipio
441 234 495 281 in,
512 233 741 285 tumulum,
773 245 899 286 quem
923 230 1109 273 Mercuri
1133 234 1306 284 vocant,
1331 232 1650 287 animadvertit,
1681 234 1828 275 multis

271 292 468 346 partibus
511 290 672 332 nudata
714 289 1008 331 defensoribus
1051 288 1223 330 moenia
1265 303 1379 343 esse,
1422 304 1569 332 omnes
1612 306 1635 333 e
1674 293 1828 334 castris

223 361 244 391 7
272 350 431 391 excitos
462 349 525 389 ire
556 348 610 389 ad
641 346 976 403 oppugnandum
1007 349 1050 388 et
1079 346 1189 388 ferre
1222 347 1358 389 scalas
1389 347 1519 390 iubet.
1573 349 1665 404 ipse
1696 351 1829 392 trium

271 421 373 461 prae
411 421 455 448 se
492 407 694 448 iuvenum
731 405 970 448 validorum
1009 405 1142 447 scutis
1183 406 1394 459 oppositis
1435 430 1484 435 —
1525 407 1677 462 ingens
1715 409 1829 450 enim

270 466 359 506 iam
389 465 453 506 vis
486 464 626 506 omnis
665 464 831 519 generis
866 464 1052 505 telorum
1083 478 1106 505 e
1137 464 1270 505 muris
1301 464 1477 506 volabat
1509 487 1564 493 —-
1596 466 1649 507 ad
1679 467 1829 509 urbem

222 533 244 565 8
272 523 475 576 succedit,
512 523 729 578 hortatur,
765 523 950 577 imperat
982 536 1091 576 quae
1122 522 1169 563 in
1199 536 1291 563 rem
1322 525 1441 576 sunt,
1479 522 1667 576 quodque
1695 525 1826 578 pluri-

271 596 388 623 mum
420 582 474 623 ad
506 581 803 623 accendendos·
831 581 1019 622 militum
1052 581 1219 623 animos
1250 581 1472 634 intererat,
1510 581 1632 622 testis
1666 586 1828 636 specta-

223 650 243 681 9
270 642 423 694 torque
443 640 616 682 virtutis
637 643 763 695 atque
789 640 986 695 ignaviae
1007 639 1211 705 cuiusque
1238 639 1370 682 adest.
1419 639 1598 693 itaque
1587 654 1632 680 m
1650 640 1829 683 vulnera

270 713 320 740 ac
362 698 451 740 tela
487 701 635 753 ruunt,
677 712 815 764 neque
859 698 955 739 illos
1002 699 1113 739 muri
1154 712 1290 752 neque
1335 700 1629 752 superstantes
1676 699 1832 741 armati

200 755 269 811 1οἷ
272 771 415 798 arcere
446 732 635 812 queunt,y
655 757 759 811 quin
784 757 981 798 certatim
1007 756 1253 798 ascendant.
1304 760 1347 797 et
1380 757 1432 798 ab
1464 756 1648 798 navibus
1680 757 1830 799 eodem

268 818 462 869 tempore
495 830 561 868 ea,
593 828 700 869 quae
732 815 841 855 mari
873 813 1079 865 adluitur,
1116 829 1216 868 pars
1253 814 1372 856 urbis
1405 815 1646 870 oppugnari
1677 818 1831 870 coepta

270 875 346 915 est.
403 876 591 915 ceterum
622 873 832 914 tumultus
865 872 962 913 inde
994 872 1131 913 maior
1163 887 1291 926 quam
1320 873 1386 914 vis
1420 873 1614 915 adhiberi
1647 876 1830 928 poterat.

200 942 241 973 11
269 931 367 972 dum
408 932 643 986 applicant,
681 931 781 972 dum
819 931 976 985 raptim
1016 933 1234 984 exponunt
1269 931 1406 972 scalas
1438 932 1700 987 militesque,
1732 932 1831 974 dum

198 1002 208 1039 ξ,
269 1004 354 1044 qua
391 991 542 1045 cuique
579 990 822 1044 proximum
861 990 927 1031 est
962 989 1010 1030 in
1045 991 1206 1030 terram
1238 989 1414 1030 evadere
1452 993 1701 1045 properant,
1735 991 1830 1045 ipsa

196 1048 255 1091 45
269 1048 544 1091 festinatione
582 1051 625 1090 et
656 1048 887 1091 certamine
926 1047 1000 1088 alii
1038 1047 1145 1089 alios
1182 1047 1434 1101 impediunt.
1489 1048 1600 1089 inter
1629 1048 1736 1091 haec
1767 1064 1830 1091 re-

269 1107 463 1160 pleverat
493 1108 579 1149 iam
611 1107 778 1149 Poenus
812 1106 989 1148 armatis
1022 1120 1188 1160 murOS,
1221 1108 1263 1146 et
1293 1106 1358 1147 vis
1391 1119 1549 1161 magna
1581 1121 1633 1147 ex
1663 1107 1831 1162 ingenti

222 1176 242 1208 2
271 1166 396 1219 copia
427 1168 634 1220 congesta
664 1165 850 1207 telorum
882 1164 1199 1219 suppeditabat,
1252 1163 1325 1205 sed
1356 1178 1494 1218 neque
1525 1164 1607 1206 viri
1637 1179 1714 1206 nec
1744 1165 1832 1208 tela

268 1238 346 1265 nec
379 1225 606 1279 quicquam
633 1224 748 1265 aliud
774 1238 906 1278 aeque
937 1237 1066 1278 quam
1092 1223 1261 1264 moenia
1290 1223 1387 1277 ipsa
1412 1237 1505 1265 sese
1531 1223 1831 1266 defendebant.

268 1297 391 1324 rarae
423 1283 535 1324 enim
569 1283 707 1324 scalae
741 1282 958 1324 altitudini
991 1281 1166 1336 aequari
1196 1283 1417 1336 poterant,
1450 1284 1493 1323 et
1523 1296 1607 1336 quo
1639 1296 1832 1337 quaeque

221 1352 242 1383 3
271 1341 466 1395 altiores,
511 1356 560 1383 eo
604 1341 858 1383 infirmiores
902 1342 1034 1382 erant.
1095 1341 1240 1394 itaque
1282 1354 1377 1381 cum
1422 1355 1612 1382 summus
1656 1341 1833 1396 quisque

270 1400 448 1442 evadere
485 1415 573 1442 non
613 1403 778 1454 posset,
819 1399 1012 1440 subirent
1047 1401 1194 1440 tamen
1232 1399 1324 1453 alii,
1364 1413 1492 1441 onere
1530 1399 1624 1453 ipso
1663 1399 1831 1456 frange-

267 1515 536 1551 Relativsatzes
568 1515 653 1549 dem
687 1514 887 1550 Gedanken
918 1514 1014 1549 nach

266 1563 364 1598 noch
397 1563 533 1597 einmal
564 1561 800 1604 wiederholt,
831 1574 859 1596 z.
886 1562 926 1596 Β.
953 1560 1013 1603 25,

268 1613 331 1653 28,
365 1613 383 1643 1
417 1621 507 1654 quae
537 1610 602 1644 ubi
634 1629 677 1634 —
709 1612 795 1644 sumt
825 1609 1014 1651 nuntiata,

267 1656 461 1701 Epicyden
486 1656 680 1701 Syracusis
708 1657 894 1690 excessisse
918 1667 952 1689 u.
981 1658 1013 1689 ὃ.

314 1720 415 1753 quem
429 1709 612 1743 Mercurii
624 1709 769 1754 vocant]
780 1709 884 1743 Auch
895 1707 1014 1743 dieser

206 1788 216 1801 ⁵
266 1755 353 1801 Hfig
355 1756 390 1790 el
418 1755 470 1790 ist
499 1756 536 1790 in
569 1756 633 1791 der
666 1767 695 1791 c.
722 1760 766 1790 42
799 1755 1013 1800 gegebenen

216 1837 219 1839 ,
267 1802 652 1847 Stadtbeschreibung
676 1803 781 1837 nicht
807 1802 985 1837 erw'ahnt.

314 1857 408 1897 ferre
451 1855 588 1909 scalas]
630 1855 889 1891 Sturmleitern
926 1854 1012 1889 mit-

266 1903 443 1945 11011ωοος
477 1902 547 1938 wie
571 1903 679 1947 siqua
711 1903 805 1945 ferre
830 1901 1012 1946 gebildet3

267 1949 333 1993 24,
359 1952 423 1992 46,
450 1953 470 1984 2
501 1951 620 1984 scalas
652 1950 754 1992 ferre.
799 1949 865 1991 27,
894 1952 954 1990 15,
981 1953 1012 1983 6.

267 1995 329 2039 28,
350 2001 383 2040 3,
404 2001 472 2032 611.
488 2008 537 2039 ο.;
564 2007 650 2031 vom
677 1975 1013 2041 eigentliclienAn-

266 2043 376 2088 legen
401 2043 466 2078 der
490 2044 640 2079 Leitern
670 2042 784 2078 heisst
815 2053 853 2077 es
879 2043 1013 2088 erigere

264 2090 384 2124 scalas
409 2091 458 2124 ad
483 2101 613 2126 muros.
659 2090 720 2134 28,
747 2093 801 2133 19,
830 2093 890 2132 183
917 2089 1012 2124 auch

269 2137 466 2179 admovere,
493 2148 672 2182 apponere
696 2138 823 2172 scalas.
860 2136 1009 2179 7,16,6.

316 2246 347 2276 7.
380 2253 474 2287 prae
500 2241 557 2287 se]
593 2253 687 2286 prae
723 2241 813 2287 geht
843 2252 916 2277 von
948 2241 1013 2276 der

268 2289 629 2334 Grundbedeutung:
646 2289 741 2323 ‘sich
753 2288 935 2323 raumlich
949 2300 1012 2323 vor

267 2338 382 2370 etwas
402 2335 603 2379 befinden',
629 2335 744 2370 leicht
767 2336 806 2370 in
826 2335 885 2370 die
905 2334 1010 2370 fiber:

270 2382 353 2417 ‘vor
378 2384 494 2417 etwas
521 2382 610 2424 sein,
636 2395 698 2417 um
722 2393 759 2418 es
778 2394 821 2417 zu
841 2382 1010 2418 decken’.

267 2429 446 2474 32,17,13
462 2430 595 2465 obicere
606 2441 699 2474 prae
712 2440 746 2465 se
760 2430 892 2465 hastas.
915 2433 1010 2473 c.25‚

269 2480 313 2511 10
334 2477 494 2521 proiecto
522 2488 613 2521 prae
636 2487 671 2511 se
696 2477 818 2521 clipeo.
869 2476 952 2521 Vgl.
981 2487 1009 2512 0.

267 2526 324 2563 41,
347 2527 366 2558 7
381 2534 462 2568 pro.
478 2543 521 2548 -—
537 2523 605 2558 Die
619 2523 698 2558 hier
718 2524 907 2558 erwiihnte
921 2522 1010 2558 Vor-

267 2569 578 2615 sichtsmassregel
622 2571 671 2604 ist
713 2570 1009 2615 ungewsshnlieh.

316 2633 347 2663 8.
375 2630 473 2663 testis
491 2629 747 2674 spectatorque]
772 2629 840 2663 ‘als
862 2629 1007 2673 Augen-

266 2676 408 2721 zeuge’.
446 2675 512 2718 31,
546 2680 607 2718 37,
635 2680 655 2710 4
681 2687 719 2711 eo
744 2687 880 2720 quoque
903 2687 1007 2720 supe-

265 2723 378 2757 riores
402 2723 620 2758 Macedones
639 2727 755 2765 erant,
780 2724 875 2768 quod
894 2727 925 2757 et
947 2734 1008 2757 rea:

265 2770 341 2813 ipse
365 2770 527 2804 hortator
552 2771 688 2805 aderat.

315 2834 347 2862 9.
373 2829 522 2874 queunt]
539 2828 613 2863 Das
626 2829 785 2863 Verbum
799 2839 886 2873 queo
895 2828 1008 2862 findet

266 2873 343 2909 sich
370 2878 460 2910 stets
487 2875 523 2910 in
551 2876 741 2922 negierten
762 2875 894 2911 Siitzen
920 2875 1008 2910 oder

1088 1514 1221 1548 Satzen
1252 1514 1452 1559 negativen
1481 1513 1622 1549 Sinnes
1661 1514 1695 1556 4,
1726 1519 1782 1557 24,
1809 1519 1830 1550 9

1086 1561 1227 1595 nullius
1246 1562 1463 1596 auctoritate
1488 1581 1532 1586 —
1558 1562 1731 1596 deterreri
1748 1563 1829 1607 qui—-

1086 1609 1186 1642 verit.
1213 1607 1248 1650 3,
1275 1611 1331 1651 52,
1356 1612 1389 1642 2.
1415 1607 1475 1652 32,
1501 1611 1535 1652 4,
1562 1612 1583 1642 4
1605 1609 1706 1643 haud
1723 1609 1832 1651 facile

1086 1665 1205 1700 queas.

1133 1702 1224 1746 quin
1249 1702 1410 1736 certatim
1435 1702 1649 1748 ascendant]
1677 1701 1755 1738 dass
1778 1702 1830 1738 sie

1086 1761 1148 1782 um
1182 1748 1241 1783 die
1268 1748 1393 1783 Wette
1424 1748 1557 1783 hinauf
1579 1761 1624 1783 zu
1649 1748 1830 1785 klimmen

1085 1795 1370 1830 versuchten.
1398 1796 1579 1830 certatim.-
1605 1796 1640 1839 1,
1664 1800 1721 1839 40,
1741 1800 1772 1832 6.
1800 1807 1830 1832 0.

1086 1846 1143 1885 54,
1170 1847 1201 1877 3.
1229 1842 1263 1885 2,
1290 1846 1346 1885 41,
1374 1846 1404 1877 7.
1431 1841 1466 1884 5,
1494 1847 1525 1886 7,
1553 1847 1608 1878 11.
1634 1842 1696 1886 27,
1721 1847 1779 1887 46,
1799 1847 1830 1879 3.

1087 1901 1117 1925 0.
1144 1893 1200 1933 28,
1229 1894 1282 1925 11.
1310 1900 1339 1924 c.
1366 1893 1423 1932 41,
1449 1894 1480 1924 8.

1134 1947 1163 1972 0.
1190 1935 1251 1979 45,
1280 1941 1308 1971 1.
1334 1937 1430 1971 inter
1454 1937 1550 1971 haec.
1587 1936 1671 1981 Vgl.
1692 1947 1722 1972 c.
1743 1940 1776 1979 4,
1800 1941 1829 1972 1.

1086 1983 1155 2018 Die
1193 1983 1403 2028 Erzahlung
1440 1983 1552 2018 kehrt
1588 1995 1671 2019 zum
1705 1983 1830 2019 Sturm

1087 2030 1152 2064 auf
1175 2030 1240 2064 der
1264 2030 1462 2065 Landseite
1490 2031 1636 2065 zurfick.

1131 2077 1401 2122 suppeditabat]
1423 2077 1508 2112 Dies
1527 2077 1634 2112 Verb.
1649 2077 1741 2112 witd
1755 2088 1828 2112 von

1085 2123 1164 2159 Liv.
1190 2124 1330 2159 sowohl
1351 2124 1538 2158 transitiv:
1567 2134 1594 2158 0.
1617 2128 1673 2166 33,
1699 2127 1720 2158 8
1744 2135 1829 2177 sup-

1081 2171 1246 2214 peditare
1278 2172 1466 2213 alimeuta,
1501 2171 1556 2205 als
1582 2171 1748 2216 hfiufiger
1773 2171 1829 2206 in-

1085 2217 1257 2252 transitiv
1289 2234 1332 2246 =
1361 2219 1518 2261 suppetit
1555 2218 1684 2262 aliqd.‚
1719 2229 1829 2264 ange·

1085 2264 1240 2299 wendet.
1277 2264 1336 2305 22,
1363 2268 1419 2307 39,
1450 2269 1490 2298 14
1521 2275 1585 2299 uec
1615 2265 1672 2299 his
1696 2266 1828 2309 pauens

1084 2312 1158 2345 iam
1196 2312 1312 2345 victus
1347 2312 1565 2355 suppeditat.
1611 2311 1679 2354 28,
1706 2316 1768 2354 27,
1794 2316 1828 2349 3.

1084 2357 1143 2400 30,
1172 2362 1228 2400 25,
1256 2362 1286 2392 7.

1133 2412 1163 2439 2.
1186 2416 1250 2439 uec
1269 2405 1459 2449 quicquam
1474 2405 1579 2439 aliud
1591 2416 1701 2449 aeque
1721 2416 1828 2450 quam

1083 2451 1244 2496 moenia]
1285 2452 1372 2486 kurz
1404 2452 1463 2486 fur
1487 2463 1551 2487 nec
1581 2453 1697 2497 quicq.
1723 2452 1828 2488 aliud

1084 2510 1192 2552 aeque
1210 2510 1352 2534 moema
1371 2500 1593 2542 defendebat,
1611 2510 1719 2544 quam
1738 2510 1826 2535 moe-

1082 2547 1148 2580 m'a
1193 2547 1273 2590 ipsa
1315 2557 1388 2580 sese
1434 2547 1679 2589 defendebant.
1715 2565 1755 2571 -
1786 2546 1827 2581 In

1083 2593 1328 2628 affirmativen
1355 2593 1487 2628 Satzen
1518 2593 1614 2637 folgt
1646 2592 1741 2627 auch
1768 2592 1827 2628 bei

1082 2640 1159 2675 Liv.
1193 2640 1260 2674 auf
1289 2651 1397 2684 aeque
1425 2639 1602 2674 zuweilen
1627 2642 1750 2684 atque,
1774 2643 1826 2681 et,

1081 2687 1160 2721 hier
1176 2687 1225 2721 ist
1237 2698 1345 2731 quam
1359 2687 1473 2722 durch
1486 2697 1550 2721 nec
1564 2706 1606 2711 —
1622 2686 1727 2721 aliud
1746 2697 1824 2721 ver-

1080 2733 1219 2768 aularst
1238 2734 1311 2778 vgl.
1327 2744 1354 2768 c.
1371 2737 1428 2774 40,
1443 2737 1474 2768 9.
1510 2734 1560 2767 Zu
1579 2744 1687 2777 aeque
1705 2745 1826 2778 quam,

1081 2781 1146 2815 das
1181 2792 1250 2816 von
1283 2780 1359 2814 Liv.
1398 2781 1433 2814 in
1466 2780 1524 2815 die
1558 2780 1671 2815 prosa
1701 2780 1825 2825 einge-

1080 2828 1179 2862 ffihrt
1205 2827 1264 2869 ist,
1291 2827 1364 2871 vgl.
1391 2827 1452 2868 31,
1482 2831 1511 2867 1,
1538 2831 1558 2861 4
1583 2839 1692 2871 acque
1711 2828 1825 2863 multa

1079 2875 1263 2909 volumina
1293 2895 1333 2898 —
1362 2886 1478 2918 quam.

1917 1425 1929 1470 N
