2000 3338
255 143 311 185 34
775 143 919 179 LIBER
941 145 1072 179 XXVI.
1124 144 1222 181 CAP.
1252 149 1305 180 16.

1633 161 1658 181 a.
1685 163 1713 180 u.
1739 156 1802 182 543.

253 251 505 305 (quiritaret)
543 250 642 304 quia
678 264 828 303 parum
865 250 976 308 inter
1013 251 1216 304 strepitus
1254 252 1443 293 exaudiri
1478 256 1654 307 possent
1692 265 1807 309 quae

206 320 225 351 3
252 309 583 361 vociferabatur,
621 307 833 348 silentium
872 308 962 349 fieri
998 307 1197 349 Flaccum
1235 308 1427 366 iussisse3
1463 313 1554 352 tum
1591 312 1799 354 Tauream

252 368 343 421 illa,
376 381 481 420 quae
514 368 611 407 ante
642 368 877 408 memorata
909 368 1025 418 sunt,
1063 366 1239 421 dixisse,
1274 367 1411 409 virum
1444 382 1487 409 se
1517 369 1799 412 fortissimum

253 426 305 466 ab
343 439 612 479 nequaquam
649 425 742 478 pari
774 424 827 465 ad
857 425 1058 466 virtutem
1090 425 1243 479 occidi,
1281 426 1358 467 sub
1397 426 1502 468 haec
1539 427 1652 470 dicta
1681 430 1800 471 iussu

206 495 226 524 4
251 483 518 537 proconsulis
549 497 803 537 praeconem
829 483 890 525 ita
922 484 1224 538 pronuntiasse
1257 483 1414 539 ‘lictor,
1445 485 1537 526 viro
1567 485 1671 528 forti
1695 487 1800 529 adde

251 542 414 597 virgas,
453 544 495 583 et
525 542 568 583 in
601 556 695 583 eum
732 542 916 596 primum
948 543 1039 595 lege
1073 541 1178 598 age'.

1238 543 1395 585 lectum
1431 557 1598 598 quoque
1631 549 1800 588 senatus

253 600 510 655 consultum,
542 601 789 655 priusquam
816 601 952 643 securi
976 601 1139 655 feriret,
1167 601 1339 655 quidam
1367 605 1561 644 auctores
1587 605 1704 656 sunt3
1729 604 1801 646 sed

252 659 351 714 quia
382 658 642 714 adscriptum
674 660 719 700 in
745 662 918 701 senatus
944 660 1140 702 consulto
1171 661 1316 715 fuerit,
1349 662 1383 702 si
1410 661 1447 702 ei
1477 661 1710 715 videretur,
1740 662 1805 703 in-

250 720 419 772 tegram
438 733 527 759 rem
549 718 601 759 ad
622 720 816 759 senatum
840 719 1035 773 reiceret,
1059 719 1388 773 interpretatum
1409 734 1517 774 esse,
1544 719 1645 774 quid
1665 720 1803 775 magis

254 792 275 818 e
306 791 350 818 re
383 777 554 830 publica
586 777 774 829 duceret,
807 777 1147 818 aestimationem
1181 778 1262 819 sibi
1293 779 1555 833 permissam.

371 834 559 889 Capuam
600 849 624 875 a
661 833 833 876 Calibus
871 835 1052 877 reditum
1091 838 1172 890 est,
1211 836 1439 891 Atellaque
1477 839 1519 879 et
1555 835 1722 879 Calatia
1758 838 1804 879 in

252 894 510 935 deditionem
555 896 764 947 acceptae.

207 964 226 994 6
254 954 389 1006 erant,
434 952 788 993 animadversum.

831 893 891 934 ibi
933 908 1097 948 quoque
1141 894 1184 935 in
1229 909 1319 950 eos,
1362 896 1434 950 qui
1477 896 1619 950 capita
1661 910 1804 937 rerum

854 952 916 993 ita
960 952 1012 993 ad
1057 953 1332 1008 septuaginta
1373 954 1588 1009 principes
1632 958 1806 997 senatus

251 1010 485 1065 interfecti,
516 1011 695 1052 trecenti
726 1011 857 1052 ferme
888 1011 1053 1053 nobiles
1078 1009 1286 1065 Campani
1317 1012 1361 1053 in
1387 1026 1597 1054 carcerem
1630 1013 1808 1068 conditi3

254 1070 329 1111 alii
361 1084 437 1124 per
464 1070 678 1112 sociorum
698 1069 841 1111 Latini
867 1070 1054 1111 nominis
1080 1071 1206 1111 urbes
1238 1071 1283 1111 in
1309 1071 1522 1113 custodias
1554 1071 1645 1113 dati
1674 1072 1807 1114 variis

255 1129 421 1170 casibus
453 1128 726 1182 interierunt,
759 1129 989 1170 multitudo
1019 1129 1104 1170 alia
1136 1129 1291 1171 civium
1312 1128 1629 1184 Campanorum
1654 1144 1808 1172 venum

209 1198 226 1228 7
254 1187 365 1228 data.
415 1187 465 1228 de
493 1187 599 1228 urbe
626 1201 813 1242 agroque
838 1188 1005 1242 reliqua
1030 1188 1288 1230 consultatio
1321 1188 1421 1243 fuit,
1455 1189 1708 1243 quibusdam
1739 1188 1807 1230 de-

252 1245 423 1287 lendam
444 1245 714 1287 censentibus
734 1247 883 1288 urbem
909 1246 1219 1301 praevalidam,
1250 1248 1553 1302 propinquam,
1578 1248 1809 1290 inimicam.

254 1307 439 1347 ceterum
466 1319 667 1359 praesens
688 1305 853 1346 utilitas
874 1305 994 1359 vicit,
1024 1320 1125 1347 nam
1151 1309 1326 1360 propter
1347 1320 1514 1361 agrum,
1547 1321 1672 1361 quem
1692 1307 1809 1349 omni

252 1363 475 1405 fertilitate
512 1366 652 1404 terrae
692 1363 797 1405 satis
835 1365 1060 1406 constabat
1096 1366 1279 1419 primum
1317 1365 1361 1406 in
1392 1365 1522 1406 Italia
1559 1380 1669 1419 esse,
1708 1365 1809 1407 urbs

207 1434 226 1464 8
255 1425 424 1464 servata
450 1424 528 1469 est,
561 1424 609 1463 ut
634 1425 745 1464 esset
771 1423 913 1478 aliqua
933 1426 1149 1465 aratorum
1171 1423 1302 1465 sedes.
1352 1424 1448 1465 urbi
1473 1424 1810 1478 frequentandae

301 1538 492 1584 quiritare]
538 1549 609 1573 von
654 1539 738 1573 dem
778 1539 995 1574 Substantiv

257 1585 415 1630 Quirites
441 1585 647 1629 abgeleitet
673 1603 715 1614 =
742 1586 846 1629 fidem
872 1586 994 1631 Quiri-

254 1633 344 1667 tium
380 1633 575 1676 implorare
584 1646 596 1674 ‚·
640 1632 767 1678 haufig
809 1644 882 1668 von
927 1633 997 1668 den

258 1679 328 1714 mit
347 1679 470 1713 Ruten
491 1678 764 1724 Gepeitschten.

302 1730 332 1761 3.
363 1726 452 1771 pari
484 1727 532 1761 ad
562 1727 746 1773 virtutem]
780 1727 838 1762 die
866 1726 997 1773 Dinge,

253 1773 291 1808 in
317 1774 441 1818 Bezug
468 1772 534 1807 auf
561 1773 701 1809 welche
735 1774 794 1808 ein
818 1774 997 1819 Adjektiv

224 1836 228 1838 ·
254 1821 341 1866 gilt,
365 1820 512 1855 werden
532 1821 585 1855 oft
604 1821 673 1855 mit
693 1822 740 1856 act
759 1821 994 1864 bezeichnet;

255 1867 424 1903 deutsch:
442 1867 480 1902 in
490 1868 728 1911 Anbetracht,
739 1867 992 1911 hinsichtlich3

255 1915 333 1950 Liv.
359 1914 458 1960 folgt
488 1915 527 1949 in
553 1914 691 1950 diesem
723 1915 784 1950 bei
809 1915 887 1949 ihm
915 1916 996 1950 sehr

256 1961 538 2007 gewohnlichen
563 1961 777 1998 Gebrauche
804 1962 886 1997 dem
906 1963 996 1998 Vor-

254 2009 354 2044 bilde
392 2008 456 2044 des
489 2007 750 2044 Griechischen
782 2007 875 2054 πρὸς
906 2010 995 2055 (vgl.

256 2057 343 2091 aber
375 2056 468 2090 auch
502 2056 567 2090 das
599 2056 910 2092 ciceronianische
941 2059 997 2100 fa-

256 2104 335 2138 cilis
372 2103 420 2138 ad
458 2104 751 2148 intelliyendum).
806 2103 870 2148 22,
904 2108 941 2146 2,
975 2108 996 2138 4

256 2151 371 2185 mollis
392 2151 439 2185 ad
463 2151 554 2185 talia
578 2161 672 2195 yens.
707 2151 791 2196 Vgl.
806 2151 865 2195 24,
884 2155 936 2195 13,
955 2156 993 2185 11

256 2198 373 2242 scynis
399 2197 458 2242 ad.

304 2249 335 2280 4.
367 2245 400 2279 si
425 2245 457 2279 ei
481 2244 676 2289 videretur]
711 2244 791 2280 eine
821 2245 996 2280 stehende

256 2291 638 2327 Hcssiehkeitsformel
658 2291 695 2326 in
713 2292 783 2326 den
801 2291 997 2327 officiellen

259 2338 570 2382 Schriftsfficken,
621 2339 760 2374 welche
804 2338 883 2374 Ful.
929 2340 998 2374 mit

257 2386 366 2421 Hohn
386 2385 423 2420 in
444 2386 674 2421 wortlichem
692 2386 803 2421 Sinne
822 2387 995 2422 versteht.

257 2433 397 2468 Wollte
417 2433 481 2468 der
496 2433 607 2468 Senat
628 2433 664 2467 in
686 2433 750 2468 der
767 2433 864 2468 That
883 2435 997 2468 etwas

257 2481 294 2515 in
333 2481 398 2515 das
430 2480 624 2515 Ermessen
663 2480 781 2515 seiner
818 2481 997 2515 Beamten

258 2528 406 2571 stellen,
446 2538 485 2562 so
524 2528 626 2562 hatte
659 2539 698 2562 er
735 2538 828 2573 ganz
864 2528 997 2562 andere

258 2575 512 2619 NVendungen.
576 2574 642 2617 27,
683 2574 801 2616 10,·2
840 2575 997 2617 facerent

259 2625 485 2666 ayerentque,
510 2625 551 2656 ut
571 2633 587 2656 e
610 2622 794 2666 republica
819 2623 995 2657 (lucerent.

258 2669 317 2711 28,
345 2673 400 2712 46,
430 2673 470 2704 13
498 2669 572 2703 und
600 2669 659 2711 29,
690 2673 743 2713 10,
770 2673 789 2703 3
815 2670 998 2713 facienda,

259 2721 298 2751 ut
323 2727 340 2751 e
364 2717 548 2760 republica
583 2717 720 2761 fideque
743 2726 812 2750 sua
847 2717 998 2761 duceret,

254 2765 441 2807 permissa.
474 2764 546 2808 vgl.
582 2774 629 2798 an
659 2774 737 2799 uns,
766 2763 880 2799 Stelle
912 2765 1000 2809 quid

260 2812 373 2854 magyis
398 2822 414 2846 c
440 2821 511 2855 rep.
540 2811 690 2846 duceret.

308 2862 339 2891 5.
368 2858 529 2902 Capuam
552 2870 573 2893 a
596 2857 744 2893 Calibus
768 2859 839 2893 red.
861 2859 925 2904 cst]
954 2858 1000 2892 da

262 2904 366 2939 Cales
392 2905 557 2939 nordlich
585 2905 657 2940 und
684 2905 807 2940 Atella
832 2906 904 2940 und
933 2906 997 2940 Ca-

1070 1539 1162 1574 latia
1187 1539 1330 1574 sfidlich
1355 1550 1427 1574 von
1453 1539 1577 1583 Capua
1601 1539 1742 1584 hegen,
1769 1550 1809 1574 so

1070 1586 1161 1631 geht
1195 1586 1260 1621 der
1296 1586 1450 1621 nachste
1484 1587 1580 1631 Weg
1616 1598 1688 1621 von
1726 1585 1813 1621 dem

1072 1635 1232 1668 ersteren
1244 1645 1288 1667 zu
1300 1633 1370 1667 den
1383 1633 1564 1668 letzteren
1573 1633 1663 1668 iiber
1672 1632 1808 1678 Capua.

1071 1680 1137 1715 Die
1172 1680 1259 1715 Orte
1297 1680 1441 1725 folgten
1477 1680 1528 1714 im
1561 1680 1708 1715 Abfalle
1746 1679 1812 1715 der

1071 1726 1333 1762 Centralstelle
1361 1726 1622 1772 Campaniens,
1653 1727 1723 1762 mit
1748 1727 1813 1762 der

1072 1775 1124 1809 sie
1173 1774 1211 1809 in
1266 1774 1484 1819 politischer
1535 1773 1813 1810 Gemeinschaft

1070 1821 1236 1856 standen.

1118 1873 1149 1903 6.
1176 1870 1229 1903 ita
1255 1869 1303 1903 acl
1328 1867 1506 1914 septuay]
1532 1868 1637 1913 giebt
1661 1867 1720 1903 die
1741 1867 1812 1904 Ge-

1069 1917 1306 1950 samtsumme
1344 1915 1408 1950 der
1446 1915 1510 1949 auf
1549 1915 1647 1950 diese
1688 1915 1811 1951 Weise

1069 1962 1375 2007 Hingerichteten
1401 1974 1464 2005 an,
1495 1966 1539 1997 25
1563 1962 1602 1997 in
1628 1962 1811 2006 Teanum3

1070 2013 1113 2044 28
1140 2010 1176 2044 in
1206 2009 1328 2053 Cales3
1359 2010 1417 2044 die
1443 2008 1599 2055 iibrigen
1624 2010 1662 2044 in
1687 2009 1813 2045 Atella

1070 2057 1145 2092 und
1173 2056 1327 2092 Calatia.

1118 2105 1157 2138 in
1192 2104 1373 2138 custodias
1410 2104 1497 2138 dati.
1531 2103 1606 2148 vgl.
1639 2114 1667 2139 c.
1703 2107 1756 2146 14,
1790 2107 1810 2138 9

1070 2152 1109 2185 in
1143 2151 1323 2186 custodias
1353 2151 1462 2185 missi.
1485 2170 1527 2175 —
1548 2150 1682 2185 nobiles
1710 2149 1810 2185 Cam-

1067 2199 1161 2242 pani
1187 2197 1267 2233 sind
1289 2197 1490 2232 Senatoren
1510 2197 1584 2231 und
1605 2197 1726 2232 Ritter
1747 2209 1811 2232 ans

1071 2255 1164 2289 ganz
1205 2244 1447 2289 Campanien,
1491 2244 1593 2279 nicht
1636 2256 1704 2278 nur
1746 2255 1815 2280 aus

1072 2292 1197 2337 Capua
1222 2291 1345 2327 allein.

1120 2344 1149 2375 7.
1184 2340 1323 2384 reliqua
1355 2339 1571 2373 consultatio
1605 2339 1694 2385 fuit]
1736 2338 1812 2375 ‘die

1070 2387 1258 2431 Beratung
1277 2386 1463 2430 erflbrigte
1482 2386 1606 2421 noch’.
1648 2386 1718 2420 Wo
1738 2385 1813 2421 und

1071 2445 1175 2468 wann
1201 2433 1300 2468 diese
1321 2432 1509 2478 Beratung
1534 2433 1813 2478 stattgefunden

1071 2480 1167 2515 habe
1193 2481 1266 2515 und
1295 2491 1367 2515 wer
1393 2481 1500 2514 unter
1530 2481 1742 2525 quibusdam
1769 2492 1812 2515 zu

1070 2528 1264 2563 verstehen
1280 2527 1344 2570 sei,
1364 2527 1413 2562 ist
1433 2527 1535 2562 nicht
1549 2529 1695 2573 gesagt3
1717 2527 1811 2562 doch

1072 2575 1171 2619 zeigt
1196 2578 1225 2617 ξ.
1255 2579 1297 2610 10
1330 2576 1374 2610 ab
1401 2574 1518 2609 Roma
1543 2576 1712 2609 missuros
1737 2573 1812 2608 und

1072 2634 1100 2657 c.
1130 2627 1184 2665 17,
1214 2627 1228 2656 1
1264 2622 1422 2657 Romani
1452 2625 1590 2665 patres,
1622 2619 1700 2655 dass
1734 2620 1811 2655 Liv.

1073 2669 1149 2704 sich
1188 2669 1246 2703 die
1286 2669 1594 2713 Verhandlungen
1635 2679 1678 2702 zu
1718 2667 1811 2702 Rom

1072 2716 1121 2751 im
1156 2716 1288 2751 Senate
1324 2716 1483 2761 gedacht
1514 2715 1588 2750 hat..
1647 2715 1695 2749 Zu
1733 2715 1812 2759 qui-

1074 2765 1220 2798 busdam
1245 2764 1318 2808 vgl.
1347 2774 1374 2797 c.
1398 2767 1452 2803 4⁶2,
1473 2766 1492 2796 2
1520 2762 1572 2796 ibi
1596 2762 1809 2806 quibusdam

1072 2811 1317 2846 suadentibus.

1121 2863 1151 2893 8.
1168 2857 1369 2903 aratorum]
1387 2856 1550 2891 Bebauer
1564 2856 1598 2890 d.
1614 2857 1647 2891 h.
1669 2855 1812 2890 solcher

1077 2905 1207 2940 Rbmcr
1221 2905 1308 2940 oder
1317 2904 1661 2949 Nieht-Campaner‚
1674 2902 1816 2938 welche
