2000 3338
148 194 239 220 Chr.
262 194 321 219 210

548 183 693 218 LIBER
716 151 845 217 XXVI.
897 183 997 220 CAP.
1024 188 1078 219 46.
1106 188 1161 219 47.
1573 185 1628 226 99

77 296 260 345 travere,
296 293 480 346 pergunt
509 290 606 332 inde
638 293 797 346 quanto
829 291 1018 333 maximo
1051 305 1176 332 cursu
1214 293 1412 345 poterant
1449 292 1502 333 ad
1534 306 1626 334 eam

75 352 266 406 portam,
298 349 411 391 circa
443 365 569 404 quam
596 364 719 392 omne
746 352 1011 392 contractum
1044 352 1258 391 certamen
1285 353 1387 392 erat.
1437 351 1482 391 in
1514 351 1626 406 quod
1654 361 1675 390 4

77 408 181 450 adeo
212 408 368 449 intenti
401 409 590 450 omnium
620 423 707 450 non
738 408 870 450 animi
903 408 1040 450 solum
1071 408 1206 462 fuere,
1245 409 1318 450 sed
1352 409 1482 450 etiam
1515 410 1628 451 oculi

76 481 282 521 auresque
313 467 598 522 pugnantium
624 467 988 522 spectantiumque
1015 470 1057 508 et
1082 466 1401 508 adhortantium
1432 482 1626 523 pugnan-

76 528 158 576 tes,
189 527 238 566 ut
267 539 391 567 nemo
419 528 516 567 ante
543 526 596 567 ab
627 528 749 580 tergo
777 525 958 567 senserit
983 527 1153 578 captam
1184 525 1350 579 urbem,
1383 540 1509 579 quam
1539 527 1626 568 tela
1652 536 1671 566 5

75 585 121 626 in
146 598 317 626 aversos
350 584 590 626 inciderunt
621 586 664 624 et
693 584 905 637 utrimque
931 582 1162 636 ancipitem
1193 583 1362 624 hostem
1393 584 1622 626 habebant.

73 646 177 684 tunc
200 643 386 684 turbatis
413 642 706 684 defensoribus
732 644 848 682 metu
868 643 910 681 et
929 640 1097 681 moenia
1123 643 1264 694 capta,
1292 644 1333 682 et
1357 644 1484 696 porta
1509 643 1624 684 intus
1652 653 1671 683 6

74 701 261 756 forisque
292 702 452 755 pariter
482 700 657 755 refringi
690 701 857 754 coepta,
892 701 935 740 et
966 713 1064 740 mox
1097 699 1307 741 caedendo
1340 700 1544 742 confectis
1577 716 1625 743 ac

75 760 306 814 distractis,
330 774 384 800 ne
410 760 492 800 iter
509 759 794 812 impediretur,
819 757 982 799 foribus
1010 758 1163 799 armati
1189 758 1396 813 impetum
1421 759 1626 801 fecerunt.

75 833 232 874 magna
268 817 497 859 multitudo
543 819 586 858 et
622 832 766 858 muros
809 816 1155 870 transcendebat,
1195 817 1266 858 sed
1303 818 1333 858 ii
1371 818 1534 871 passim
1573 819 1625 860 ad
1653 830 1670 859 7

75 877 246 919 caedem
283 875 593 930 oppidanorum
633 876 762 930 versi,
806 875 897 929 illa,
940 890 1047 930 quae
1085 877 1254 929 portam
1291 877 1485 931 ingressa
1523 880 1625 931 erat,

73 937 187 977 iusta
218 935 328 976 acies
360 948 455 976 cum
487 934 680 989 ducibus,
721 949 816 976 cum
848 934 1065 976 ordinibus
1105 934 1244 976 media
1275 935 1378 976 urbe
1416 950 1547 990 usque
1580 936 1624 977 in

72 994 212 1035 forum
244 993 464 1048 processit.
514 993 611 1034 inde
644 1008 739 1035 cum
770 993 936 1034 duobus
969 993 1193 1034 itineribus
1224 993 1436 1048 fugientes
1464 995 1625 1035 videret
1650 1005 1669 1035 8

73 1052 239 1106 hostes,
279 1052 386 1093 alios
426 1052 478 1093 ad
508 1052 718 1093 tumulum
758 1051 804 1093 in
836 1052 1043 1093 orientem
1075 1066 1260 1106 versum,
1296 1052 1366 1106 qui
1397 1053 1625 1094 tenebatur

73 1111 404 1166 quingentorum
442 1110 626 1152 militum
663 1110 892 1164 praesidio,
932 1110 1038 1152 alios
1070 1110 1114 1151 in
1145 1125 1302 1164 arcem,
1340 1111 1385 1152 in
1423 1126 1551 1166 quam
1583 1114 1625 1152 et

71 1170 161 1224 ipse
192 1168 321 1224 Mago
355 1184 450 1211 cum
481 1169 677 1211 omnibus
709 1170 797 1211 fere
829 1169 1004 1211 armatis
1043 1169 1114 1224 qui
1146 1170 1278 1210 muris
1310 1170 1422 1224 pulsi
1453 1170 1625 1212 fuerant

71 1228 304 1283 refugerat,
345 1228 501 1283 partim
534 1229 751 1282 copiarum
789 1228 842 1269 ad
873 1227 1084 1269 tumulum
1117 1228 1440 1283 expugnandum
1478 1229 1624 1283 mittit,

71 1287 230 1341 partim
273 1288 364 1342 ipse
408 1286 460 1328 ad
503 1301 644 1329 arcem
691 1287 818 1328 ducit.

881 1290 924 1328 et
960 1287 1149 1328 tumulus
1187 1287 1324 1341 primo
1363 1288 1524 1342 impetu
1563 1290 1628 1329 est
1652 1299 1672 1328 9

72 1348 241 1401 captus,
273 1348 316 1387 et
334 1345 462 1400 Mago
490 1360 629 1388 arcem
656 1348 834 1388 conatus
865 1345 1106 1400 defendere,
1139 1360 1234 1387 cum
1260 1346 1406 1388 omnia
1437 1345 1626 1388 hostium

70 1405 197 1459 plena
227 1405 389 1446 videret
418 1418 553 1458 neque
585 1419 704 1459 spem
736 1405 867 1446 ullam
901 1419 1010 1455 esse,
1051 1418 1094 1445 se
1134 1419 1356 1460 arcemque
1390 1407 1432 1446 et
1466 1406 1626 1460 praesi—

73 1463 188 1504 dium
221 1463 391 1504 dedidit.

454 1463 594 1518 quoad
626 1464 769 1504 dedita
802 1478 876 1505 arx
909 1466 989 1517 est,
1025 1463 1173 1505 caedes
1205 1466 1297 1505 tota
1330 1464 1431 1505 urbe
1463 1464 1625 1518 passim
1654 1474 1696 1504 10

71 1522 228 1576 factae,
270 1536 349 1563 nec
387 1522 464 1563 ulli
504 1523 731 1577 puberum,
775 1522 845 1576 qui
884 1522 1033 1564 obvius
1077 1521 1176 1575 fuit,
1219 1522 1489 1576 parcebatur:
1533 1526 1626 1564 tum

73 1581 195 1636 signo
234 1580 334 1622 dato
373 1581 571 1622 caedibus
610 1581 706 1622 finis
744 1581 902 1635 factus,
946 1581 999 1622 ad
1042 1581 1243 1635 praedam
1281 1581 1463 1623 victores
1501 1582 1626 1636 versi,

73 1654 180 1694 quae
210 1639 359 1695 ingens
393 1639 530 1681 omnis
563 1640 730 1695 generis
762 1640 855 1681 fuit.

187 1698 441 1740 Liberorum
480 1699 665 1752 capitum
708 1699 829 1740 virile
875 1713 994 1740 secus
1039 1698 1091 1739 ad
1135 1698 1279 1740 decem
1323 1698 1445 1740 milia
1488 1702 1623 1754 capta.
1638 1699 1693 1739 47

71 1757 184 1811 inde,
218 1757 289 1812 qui
323 1757 434 1798 cives
460 1756 608 1798 Novae
636 1756 911 1812 Carthaginis
938 1760 1075 1811 erant,
1108 1757 1287 1811 dimisit,
1318 1757 1550 1812 urbemque
1583 1762 1626 1799 et

72 1831 148 1857 sua
180 1816 343 1870 omnia,
375 1830 481 1870 quae
513 1815 679 1870 reliqua
711 1817 769 1857 eis
803 1817 961 1857 bellum
992 1815 1167 1868 fecerat,
1199 1815 1402 1858 restituit.
1453 1816 1624 1870 opifices
1651 1826 1670 1855 2

62 1955 266 2000 plurimum
284 1955 442 1999 periculi
467 1966 510 1990 ac
535 1956 672 1990 timoris
698 1959 808 1990 osteu-

69 2002 238 2044 debatur,
269 2002 283 2036 i
291 2002 332 2037 bi
363 2003 401 2036 vi
424 2003 559 2037 maiore
584 2003 806 2038 obsistebant.

118 2053 149 2084 6.
175 2050 275 2084 intus
298 2049 472 2094 forisque]
493 2048 553 2084 die
574 2050 808 2085 Zusammen-

70 2096 231 2140 stellung
271 2096 383 2141 zeigt,
429 2095 507 2131 dass
546 2107 584 2130 es
622 2107 668 2130 an
709 2097 809 2132 einer

68 2144 168 2178 intus
193 2143 509 2187 entspreohenden
535 2143 808 2178 Adverbialbil-

68 2190 168 2235 dung
194 2189 303 2233 fehlt,
338 2190 408 2225 wie
436 2187 556 2233 ἐντός,
587 2187 708 2233 ἐκτός;
742 2191 807 2225 das

69 2237 256 2272 Fehlende
276 2237 368 2271 wird
387 2237 502 2271 durch
516 2237 580 2272 das
595 2237 810 2272 Substantiv

70 2285 212 2318 ersetzt.
268 2284 352 2329 Vgl.
395 2285 496 2327 foras
527 2301 570 2313 =
602 2285 663 2319 frz.
707 2286 809 2327 hors,-

69 2331 212 2373 deferas
238 2348 282 2360 =
307 2331 369 2367 frZ.
396 2332 531 2366 dehors.

116 2382 146 2412 7.
174 2378 222 2412 ad
247 2379 385 2413 caedem
409 2378 517 2424 versi]
545 2379 618 2423 vgl.
646 2382 665 2420 ξ
691 2382 734 2413 10
761 2380 808 2414 ad

65 2425 255 2470 praedam,
287 2427 389 2459 sonst
421 2424 469 2460 ist
500 2425 538 2459 in
569 2425 807 2461 feindlichem

69 2471 179 2507 Sinne
222 2471 388 2515 haufiger
424 2473 465 2506 in
501 2472 568 2514 35,
606 2476 666 2516 36,
708 2477 728 2507 6
767 2475 808 2508 iu

64 2519 240 2563 praedam
264 2519 365 2553 versi.

115 2568 147 2600 8.
172 2565 321 2610 videret]
349 2565 413 2599 das
429 2565 584 2618 Subjekt
602 2565 651 2600 ist
671 2566 806 2611 Scipio,

67 2612 137 2648 wie
173 2615 287 2647 unten
324 2613 399 2657 ipse
436 2611 549 2657 zeigt,
589 2579 756 2648 obwohlp
770 2625 808 2648 er

68 2659 138 2695 seit
163 2671 191 2694 c.
218 2662 281 2702 45,
308 2663 327 2694 9
354 2659 457 2693 nicht
487 2659 623 2694 wieder
647 2663 809 2704 genannt

67 2707 123 2742 ist.
170 2687 331 2741 Ahnlich
358 2706 540 2741 erscheint
564 2718 602 2740 er
632 2706 670 2740 in
698 2717 726 2741 c.
751 2710 808 2750 49,

70 2758 88 2788 7
119 2766 163 2788 zu
192 2755 300 2789 iussit
325 2754 378 2788 als
405 2753 491 2798 Subj
497 2753 570 2796 ekt,
597 2752 743 2788 obwohl
769 2764 808 2788 er

69 2800 140 2835 seit
163 2804 183 2843 ξ
211 2805 228 2835 1
256 2801 359 2836 nicht
383 2801 487 2835 mehr
513 2801 679 2835 erwahnt
704 2800 760 2835 ist.

109 2848 262 2894 partim]
289 2848 344 2883 als
361 2847 559 2882 Accusativ
587 2848 654 2881 auf
668 2849 717 2882 im
737 2847 805 2882 wie

68 2893 149 2929 hier
171 2894 233 2929 bei
255 2895 333 2929 Liv.
359 2895 455 2930 noch
475 2894 594 2939 einige
614 2895 710 2930 Male
730 2895 805 2929 und

69 2941 130 2976 bei
142 2941 336 2984 Dichtern3
357 2941 483 2977 Cicero
498 2942 701 2986 gebraucht
714 2953 802 2987 par-

882 1957 945 1990 tim
970 1967 1039 1989 nur
1065 1954 1267 1989 adverbiell
1287 1955 1355 1989 mit
1375 1955 1624 2001 abhangigem

883 2001 1031 2037 Genitiv
1052 2002 1139 2036 oder
1158 2013 1210 2036 ex.
1238 2001 1393 2046 Vg1.23‚
1409 2006 1461 2044 11,
1478 2007 1518 2036 11
1536 2014 1623 2046 par—

881 2050 945 2084 tim
972 2049 1191 2083 Samnitium
1217 2049 1390 2092 defecisse.
1433 2049 1492 2093 31,
1513 2053 1570 2092 36,
1591 2054 1622 2084 9.

930 2100 982 2131 10.
1010 2097 1130 2131 caedes
1156 2100 1231 2131 tota
1254 2097 1356 2139 urbe]
1389 2096 1459 2130 Ein
1484 2096 1623 2131 milita-

879 2143 1017 2177 rischer
1055 2143 1196 2177 Brauch
1242 2143 1302 2177 bei
1342 2143 1412 2177 den
1451 2143 1622 2187 Romern,

880 2191 974 2225 auch
1008 2190 1100 2225 ohne
1134 2189 1201 2224 das
1232 2190 1535 2225 Vorhandensein
1559 2190 1624 2225 be-

883 2237 1056 2272 sonderer
1069 2236 1317 2282 Erbitterung.
1341 2237 1411 2272 Mit
1424 2237 1508 2272 dem
1518 2237 1623 2271 Blut-

880 2284 975 2319 bade
1025 2284 1149 2318 wurde
1200 2284 1266 2318 auf
1307 2284 1364 2319 ein
1413 2284 1621 2329 gegebenes

882 2331 1038 2366 Zeichen
1063 2332 1181 2375 (siquo
1203 2331 1303 2373 dato)
1331 2331 1528 2375 aufgehort
1547 2331 1622 2366 und

881 2391 945 2412 zur
963 2378 1201 2423 Ph'inderung
1219 2378 1457 2422 geschritten.
1484 2378 1544 2421 27,
1566 2382 1621 2422 16,

883 2430 900 2460 7
936 2437 957 2460 a
990 2426 1093 2460 caede
1131 2426 1178 2460 ad
1216 2426 1462 2469 diripiendam
1501 2426 1622 2460 urbem

879 2473 1092 2514 discursum,
1118 2472 1151 2515 4,
1179 2476 1235 2513 34,
1261 2475 1292 2507 3.

928 2531 955 2554 c.
983 2520 1048 2561 47,
1077 2524 1106 2553 1.
1144 2520 1248 2554 virile
1276 2519 1395 2565 secus]
1429 2519 1620 2554 alterti'im-

879 2566 974 2601 liche
1021 2567 1129 2601 Form
1166 2566 1225 2600 fiir
1261 2577 1383 2609 sexus,
1427 2567 1522 2600 auch
1559 2566 1621 2600 bei

881 2613 1018 2649 Sallust
1054 2614 1128 2648 und
1167 2613 1334 2656 Tacitus3
1376 2612 1621 2648 adverbieller

881 2660 1093 2703 Accusativ,
1119 2660 1188 2694 wie
1216 2661 1254 2695 id
1278 2671 1398 2704 yeuus.
1429 2660 1488 2703 31,
1515 2663 1570 2702 44,
1598 2664 1619 2693 4

882 2708 983 2741 virile
1009 2718 1052 2741 ac
1076 2707 1244 2741 muliebre
1268 2717 1376 2741 secus.

928 2754 1040 2798 cives]
1075 2752 1142 2787 Die
1176 2752 1413 2797 Gesangenen
1445 2752 1618 2787 zerfallen

877 2800 916 2834 in
937 2804 957 2834 4
977 2800 1146 2835 Klassen:
1180 2801 1269 2834 cives
1294 2800 1368 2834 und
1395 2800 1552 2843 opifices,
1574 2816 1618 2827 =

877 2847 981 2882 Freie
996 2847 1070 2881 und
1080 2846 1371 2891 Freigelassene3
1391 2847 1530 2881 incolae
1543 2847 1618 2880 und

877 2895 969 2929 servi
993 2911 1035 2923 =
1059 2893 1307 2938 Nichtbfirger
1339 2894 1413 2928 und
1445 2893 1615 2928 Sklaven.

925 2946 954 2976 2.
983 2940 1140 2986 opifices]
1172 2940 1251 2975 ihre
1276 2941 1530 2976 Nfitzlichkeit
1554 2941 1616 2975 be-

1284 3000 1333 3034 7*
