2000 3338
155 190 188 210 ε..
211 182 278 209 chr.
298 190 328 207 n.
348 183 409 208 211.
624 172 766 208 LIBER
790 172 919 207 XXVI.
970 172 1071 208 CAP.
1093 176 1147 208 25.
1169 176 1224 208 26.
1649 174 1705 215 55

159 282 285 333 ierat,
315 280 428 321 ultra
465 279 592 322 Dium
623 282 688 322 est
718 294 980 335 progressus.
1028 280 1145 334 inde,
1177 295 1272 323 cum
1305 280 1493 323 audisset
1523 280 1704 323 reditum

159 339 409 380 Aetolorum
436 353 485 380 ex
505 339 767 393 Acarnania,
799 340 842 380 et
866 339 956 393 ipse
982 338 1145 380 Pellam
1170 339 1307 381 rediit.
1356 339 1565 382 Laevinus
1592 340 1702 382 veris
1719 340 1774 382 26

158 397 370 452 principio
403 412 427 438 a
460 396 644 453 Corcyra
680 398 896 452 profectus
933 398 1113 439 navibus
1153 400 1353 452 superato
1385 398 1574 440 Leucata
1609 413 1704 453 pro-

160 455 376 498 munturio
398 470 493 498 cum
513 457 703 498 venisset
721 455 1003 509 Naupactum,
1023 456 1273 510 Anticyram
1291 457 1390 498 inde
1411 472 1454 498 se
1474 458 1705 511 petiturum

159 514 307 568 edixit,
346 517 392 556 ut
423 518 593 568 praesto
631 515 692 557 ibi
724 514 881 568 Scopas
912 514 1140 568 Aetolique
1171 518 1323 555 essent.
1384 515 1466 557 sita
1496 515 1706 571 Anticyra
1731 527 1751 558 2

160 576 226 615 est
256 573 302 614 in
320 572 498 615 Locride
528 573 652 615 laeva
682 575 803 628 parte
835 573 973 613 sinum
993 570 1314 613 Corinthiacum
1345 573 1538 614 intranti.
1579 575 1706 616 breve
1731 586 1751 617 3

158 634 274 673 terra
303 632 384 673 iter
416 646 484 685 eo,
516 632 655 673 brevis
686 631 908 685 navigatio
941 630 994 671 ab
1026 628 1250 684 Naupacto
1283 633 1360 671 est.
1414 631 1543 673 tertio
1574 633 1706 674 ferme

158 693 258 744 post
289 690 355 731 die
383 665 596 743 utriinque
621 688 859 744 oppugnari
885 690 1036 742 coepta
1067 691 1142 729 est.
1192 690 1364 743 gravior
1390 704 1414 731 a
1439 691 1549 731 mari
1574 705 1705 756 oppu-

159 749 306 804 gnatio
350 751 459 802 erat,
496 749 595 802 quia
626 752 669 789 et
704 749 920 789 tormenta
950 747 1251 801 machinaeque
1284 749 1420 789 omnis
1459 749 1625 803 generis
1662 750 1706 791 in

156 807 337 849 navibus
382 808 522 859 erant,
566 809 608 848 et
650 805 835 847 Romani
877 805 975 846 inde
1020 807 1341 861 oppugnabant.
1404 807 1548 861 itaque
1592 808 1706 849 intra

157 879 314 920 paucos
335 864 423 905 dies
448 867 619 918 recepta
638 865 739 906 urbs
761 878 840 919 ‘per
860 863 1117 906 deditionem
1137 865 1304 906 Aetolis
1328 866 1524 920 traditur,
1549 867 1706 920 praeda

159 939 209 965 ex
238 925 365 978 pacto
397 922 602 964 Romanis
635 924 776 965 cessit.
829 922 1017 964 Litterae
1049 923 1235 965 Laevino
1267 924 1454 966 redditae
1487 925 1706 966 consulem
1730 935 1752 967 4

154 996 252 1023 eum
285 982 507 1023 absentem
539 981 817 1035 declaratum,
849 984 891 1023 et
917 996 1203 1024 successorem
1229 983 1372 1024 venire
1392 983 1437 1024 P.
1458 982 1703 1037 Sulpicium.

157 1043 340 1082 ceterum
372 1040 571 1082 diuturno
604 1041 664 1082 ibi
696 1041 845 1083 morbo
877 1040 1109 1094 implicitus
1138 1041 1272 1082 serius
1305 1056 1378 1095 spe
1405 1042 1594 1083 omnium
1619 1042 1703 1084 Ro-

155 1114 270 1141 mam
300 1100 428 1140 venit.

272 1157 328 1199 M.
349 1157 575 1199 Marcellus
604 1172 698 1199 cum
729 1158 869 1199 idibus
889 1157 1057 1200 Martiis
1085 1158 1352 1200 consulatum
1383 1159 1551 1213 inisset,
1584 1174 1704 1201 sena·
1730 1172 1750 1204 5

154 1219 247 1258 tum
266 1231 315 1258 eo
342 1216 408 1258 die
434 1217 565 1258 moris
591 1216 717 1258 modo
744 1231 871 1259 causa
896 1217 1062 1267 habuit,
1090 1217 1307 1271 professus
1330 1218 1440 1259 nihil
1461 1233 1505 1259 se
1527 1218 1703 1260 absente

157 1275 323 1330 collega
347 1290 482 1329 neque
509 1276 559 1316 de
585 1289 630 1316 re
655 1275 825 1329 publica
851 1290 986 1330 neque
1013 1276 1064 1317 de
1089 1276 1318 1330 provinciis
1346 1279 1552 1318 acturum.
1597 1277 1704 1319 scire
1731 1290 1750 1322 6

156 1349 200 1376 se
219 1334 462 1389 frequentes
474 1333 638 1376 Siculos
658 1348 788 1388 prope
807 1335 956 1375 urbem
977 1336 1021 1375 in
1041 1334 1154 1375 villis
1175 1336 1512 1377 obtrectatorum
1532 1350 1705 1377 suorum

154 1407 264 1448 esse3
297 1393 449 1448 quibus
482 1395 648 1434 tantum
679 1392 825 1434 abesse
851 1395 898 1434 ut
929 1407 1003 1447 per
1029 1408 1073 1434 se
1099 1408 1183 1435 non
1216 1394 1342 1435 liceat
1374 1395 1517 1449 palam
1542 1394 1704 1436 Romae

204 1548 255 1578 17.
276 1543 407 1590 Dium]
420 1555 466 1578 an
477 1544 541 1578 der
549 1544 756 1588 Siidgrenze
766 1544 891 1579 Make-

154 1591 306 1626 doniens
331 1602 449 1636 gegen
477 1587 703 1626 Thessalien

201 1649 261 1693 26,
290 1654 318 1685 1.
357 1651 449 1684 veris
468 1650 678 1695 principio]
713 1650 772 1684 die
798 1649 891 1685 Zeit-

152 1696 450 1741 bestimmungen
471 1698 586 1732 durch
606 1697 727 1731 Subst.
748 1696 799 1730 im
819 1696 892 1731 Ab·

153 1743 217 1778 lat.
233 1744 362 1778 stehen
381 1744 440 1779 bei
455 1744 532 1779 Liv.
553 1744 647 1779 ohne
663 1743 892 1789 Bekleidung

153 1790 223 1825 mit
246 1791 299 1832 in,
324 1790 392 1825 mit
418 1791 519 1826 einer
544 1791 695 1825 solchen
720 1791 814 1825 ohne
839 1792 890 1825 in.

153 1837 238 1882 Vgl.
265 1838 412 1872 aestatis
442 1839 541 1873 exitu
572 1849 600 1873 c.
628 1842 690 1879 21,
719 1842 748 1873 1.
780 1849 808 1873 c.
835 1841 893 1883 41,

155 1890 173 1919 1
201 1885 390 1929 principio
414 1886 517 1921 veris.
559 1884 619 1928 22,
641 1889 701 1928 16,
727 1889 747 1920 6
779 1886 893 1920 noctis

154 1931 230 1966 und
257 1935 310 1975 19,
339 1935 356 1965 1
385 1933 531 1967 aestatis
551 1933 748 1976 principio.

200 1978 390 2025 superato]
434 1990 603 2023 superare
649 1979 696 2013 ist
736 1979 892 2013 beinahe

154 2025 350 2061 stehender
387 2026 579 2061 Ausdruck
623 2037 685 2060 zur
722 2025 891 2061 Bezeich-

152 2084 254 2118 nung
290 2073 355 2107 des
392 2073 609 2117 Umsegelns
645 2084 717 2107 von
753 2072 890 2117 Vorge-

152 2119 294 2164 birgen,
321 2119 393 2165 vgl.
414 2119 474 2164 25,
501 2124 556 2162 27,
577 2124 598 2154 4
628 2130 799 2164 superare
821 2120 891 2154 Pa-

150 2167 317 2213 chynum.
363 2169 382 2208 ἓ
417 2171 458 2201 11
492 2168 798 2212 promunturium.
831 2167 891 2210 30,

152 2217 215 2257 19,
243 2218 263 2248 5
293 2218 467 2258 superata
497 2214 685 2249 Sardinia.
727 2224 755 2249 c.
783 2217 844 2256 25,
872 2219 891 2248 6

147 2262 456 2305 promunturium.
513 2273 541 2296 c.
578 2265 639 2303 39,
674 2265 693 2295 2
733 2261 893 2296 Insanos

153 2312 295 2343 montes.
321 2307 381 2352 31,
407 2312 463 2350 22,
485 2312 503 2343 7
531 2308 688 2343 Sunium
711 2319 890 2353 superare.

152 2365 183 2389 c.
223 2359 286 2399 44,
331 2359 350 2388 1
387 2355 513 2390 Malea
555 2358 736 2399 superata.
799 2356 891 2389 Aus-

153 2401 394 2436 nahmsweise
426 2401 486 2445 32,
514 2406 567 2444 17,
593 2407 612 2437 3
639 2403 892 2438 circumvectae

153 2448 321 2483 Sunium.

202 2495 386 2541 Leucata]
426 2506 512 2530 vom
550 2495 764 2530 Nominativ
796 2496 891 2532 Leu-

153 2546 254 2584 cata,
285 2542 449 2577 daneben
483 2542 667 2577 erscheint
694 2543 759 2577 der
783 2543 890 2578 Nom.

152 2589 336 2624 Leucates.

201 2653 233 2684 3.
259 2648 467 2693 oppuynari
489 2651 612 2691 coepta
631 2647 695 2692 est]
717 2648 781 2682 das
795 2648 890 2682 Pers.

153 2695 252 2730 Pass.
291 2699 434 2739 coeptus
470 2705 547 2729 sum
584 2694 778 2729 verbindet
814 2694 891 2729 Liv.

152 2742 390 2787 regelmassig
432 2741 501 2776 mit
543 2742 627 2776 dem
667 2741 734 2776 Inf.
775 2741 892 2782 Pass.;

153 2801 222 2824 nur
252 2789 337 2824 ffinf
362 2788 438 2823 Mal
469 2788 584 2823 findet
615 2788 692 2823 sich
725 2787 785 2823 bei
816 2788 893 2822 ihm

155 2837 253 2880 coepi
277 2837 347 2870 mit
370 2835 438 2871 Inf.
465 2836 565 2870 Pass.

201 2884 285 2918 inde
314 2882 596 2928 oppuyrzabant]
636 2882 688 2917 sie
720 2882 893 2917 machten

152 2929 255 2964 dort
279 2929 352 2964 den
371 2929 524 2974 Angriff,
544 2930 694 2964 fiihrten
713 2930 814 2965 dort
833 2929 891 2964 die

964 1545 1207 1590 Belagerung.
1240 1545 1313 1579 Der
1327 1544 1499 1580 Lateiner
1518 1545 1608 1580 hebt
1626 1557 1704 1580 ver-

965 1595 1072 1636 moge
1093 1592 1157 1626 der
1165 1592 1503 1638 Grundbedeutung
1517 1592 1580 1627 des
1593 1593 1705 1628 Verbi

964 1639 1035 1720 33³3
1044 1639 1489 1732 Βῖὲέξῖῃξζέῗιέὲθξῖἲ
1503 1639 1703 1729 ᾱζέὲῖὴξῗ

963 1734 1141 1778 utrimque
1174 1734 1249 1768 und
1283 1745 1305 1768 a
1336 1735 1432 1768 mari
1468 1735 1703 1778 oppuynatio.

1011 1796 1150 1836 recepta
1183 1812 1226 1816 —
1253 1803 1321 1836 per
1363 1792 1599 1838 deditionem]
1644 1793 1703 1828 die

966 1838 1073 1874 Stadt
1092 1839 1342 1883 kapitulierte,
1369 1840 1494 1874 wurde
1514 1839 1616 1874 nicht
1635 1841 1705 1875 mit

966 1885 1088 1920 Sturm
1119 1897 1349 1931 genommen.
1406 1886 1490 1930 Vgl.
1523 1898 1552 1921 c.
1587 1891 1649 1931 32,
1682 1891 1703 1921 2

963 1931 1704 2025 &22⁶5OE02⁶3fsnd2²fflng⁰ss²ssssmffssa¹⁸ss

1012 2042 1043 2072 4.
1058 2038 1270 2084 implicitus]
1286 2049 1358 2073 von
1373 2038 1450 2075 Liv.
1466 2050 1534 2073 nur
1550 2050 1620 2074 6111
1628 2039 1703 2073 mal

965 2085 1034 2120 mit
1054 2085 1092 2120 in
1112 2097 1140 2121 o.
1162 2096 1279 2120 accus.
1302 2085 1522 2121 verbunden.
1561 2085 1621 2130 23,
1646 2090 1701 2128 34,

967 2137 1007 2167 11
1035 2133 1076 2167 in
1105 2144 1259 2178 9ravem„
1274 2133 1435 2167 morbum
1469 2133 1702 2176 implicitum,-

965 2182 1066 2214 sonst
1096 2180 1189 2214 stets
1213 2179 1281 2214 mit
1307 2179 1390 2213 dem
1414 2178 1577 2218 Ablativ,
1604 2180 1703 2224 bello,

963 2227 1094 2270 morbo,
1120 2228 1270 2271 weyotio.
1297 2226 1379 2271 Vgl.
1407 2237 1434 2261 e.
1463 2230 1519 2269 24,
1549 2231 1600 2263 16.

963 2269 1040 2378 RE.
1064 2296 1123 2340 26,
1145 2295 1274 2331 5—28.
1313 2296 1631 2332 Verhaitnisse
1656 2297 1702 2332 in

1005 2356 1079 2379 Om-

1012 2407 1043 2439 5.
1069 2403 1178 2438 moris
1202 2403 1305 2437 modo
1327 2402 1452 2448 causa]
1474 2414 1542 2436 nur
1561 2402 1645 2437 weil
1664 2413 1701 2437 es

965 2461 1002 2485 so
1036 2450 1129 2485 Sitte
1167 2461 1259 2494 war,
1298 2461 1358 2483 am
1392 2454 1419 2483 1.
1448 2449 1549 2494 Tage
1587 2449 1703 2484 sofort

963 2497 1027 2531 ihn
1054 2509 1096 2531 zu
1121 2497 1283 2532 berufen.
1324 2496 1393 2530 Zur
1417 2496 1703 2540 Redewendung

963 2544 1037 2589 vgl.
1065 2545 1130 2588 10,
1167 2548 1228 2585 37,
1255 2548 1275 2578 6
1307 2544 1416 2578 moris
1440 2544 1555 2588 mayis
1580 2553 1701 2585 causa,

964 2602 1071 2635 quam
1096 2601 1156 2635 spe
1179 2591 1411 2635 impetrandi.
1443 2590 1508 2632 34,
1535 2594 1572 2633 9,
1599 2594 1619 2625 6
1644 2601 1702 2624 ηε-

963 2649 1029 2682 que
1053 2639 1162 2672 moris
1187 2641 1328 2672 tantum
1352 2648 1463 2672 causa
1489 2640 1554 2672 aut
1578 2637 1673 2681 leyz's.

1011 2696 1152 2730 absente
1195 2695 1341 2740 colleya]
1386 2695 1434 2729 Es
1478 2706 1552 2729 war
1595 2694 1700 2738 Sitte,

965 2741 1044 2776 dass
1081 2754 1124 2776 zu
1155 2742 1297 2787 Beginn
1333 2742 1396 2776 des
1427 2741 1557 2776 Jahres
1594 2740 1700 2776 beide

966 2788 1126 2823 Consuln
1146 2799 1355 2822 zusammen
1370 2788 1516 2822 Bericht
1532 2789 1700 2823 ersta‘tte—

964 2838 1044 2878 ten,
1081 2835 1200 2870 wobei
1242 2835 1427 2869 natfirlich
1471 2835 1594 2869 einer
1634 2835 1700 2870 das

964 2883 1073 2916 Wort
1091 2882 1224 2916 fsihrte.
1261 2880 1378 2916 Einen
1401 2881 1554 2917 zweiten
1573 2881 1702 2917 Grund

964 2929 1068 2974 giebt
1093 2929 1140 2964 M.
1166 2932 1185 2971 (ᾗ
1207 2933 1224 2963 7
1253 2928 1367 2964 selbst
1392 2940 1449 2965 an.
