2000 3338
179 201 205 219 a.
228 193 294 219 Chr.
315 200 343 218 n.
366 193 425 217 211.
717 181 859 217 LIBER
882 180 1003 217 XXVI
1064 181 1163 216 CAP.
1192 185 1236 215 24
1663 180 1716 221 51

179 291 223 331 111
242 304 292 331 ea
316 290 489 331 fortuna
513 289 738 343 haberent,
764 293 812 331 ut
837 289 940 330 socii
965 303 1057 330 esse
1084 303 1210 343 quam
1234 289 1346 330 cives
1371 288 1566 341 mallent3
1593 287 1720 329 Aeto-

176 349 242 390 los
268 362 318 390 eo
342 348 386 389 in
412 349 571 390 maiore
597 348 762 390 futuros
788 348 962 401 honore,
988 347 1099 402 quod
1125 347 1315 402 gentium
1340 320 1722 388 transmarinarum

175 407 221 448 in
264 407 496 448 amicitiam
537 407 664 461 primi
706 407 938 448 venissent:
984 405 1235 472 Philippum
1280 406 1338 447 eis
1383 408 1426 446 et
1467 404 1722 447 Macedonas

177 479 328 521 graves
358 466 522 507 accolas
555 479 664 516 esse,
695 479 873 520 quorum
899 478 943 506 50
967 464 1056 505 vim
1083 478 1131 505 ac
1157 464 1331 518 spiritus
1357 467 1399 505 et
1423 464 1509 504 iam
1533 463 1724 518 fregisse,

176 527 221 566 et
245 538 294 565 eo
319 524 588 565 redacturum
619 538 729 578 esse,
759 525 807 564 ut
831 537 920 564 non
951 523 1003 563 iis
1029 521 1155 563 modo
1180 521 1376 569 urbibus,
1407 536 1510 576 quas
1536 537 1611 577 per
1635 521 1723 562 vim

176 582 436 625 ademissent
459 583 643 635 Aetolis,
676 581 896 629 excedant,
929 580 1001 620 sed
1031 580 1170 633 ipsam
1197 579 1491 621 Macedoniam
1522 580 1723 621 infestam

175 641 378 695 habeant3
417 644 460 683 et
496 642 765 693 Acarnanas,
803 652 908 693 quos
945 651 1070 692 aegre
1107 637 1267 678 ferrent
1304 638 1448 678 Aetoli
1487 653 1512 678 a
1550 653 1722 692 corpore

176 715 251 742 suo
279 700 530 753 diremptos,
560 698 856 739 restituturum
883 710 927 737 se
958 696 1004 737 in
1025 696 1243 750 antiquam
1275 695 1504 737 formulam
1535 696 1723 751 iurisque

176 773 225 801 ac
256 759 432 800 dicionis
464 771 608 798 eorum
643 772 716 797 —:
752 755 857 796 haec
890 753 1002 796 dicta
1039 754 1333 809 promissaque
1367 769 1391 795 a
1421 754 1616 796 Romano
1649 755 1722 795 im-

173 820 368 872 peratore
400 815 578 868 Scopas,
616 814 688 868 qui
718 817 809 855 tum
841 817 1015 868 praetor
1047 813 1187 868 gentis
1221 816 1329 867 erat,
1367 816 1409 854 et
1440 813 1723 854 Dorimachus

173 876 368 930 princeps
388 874 640 914 Aetolorum
668 872 1000 913 adfirmaverunt
1026 872 1281 914 auctoritate
1314 886 1406 925 sua,
1438 872 1600 913 minore
1627 886 1722 913 cum

173 932 423 975 verecundia
454 934 497 973 et
527 932 687 973 maiore
719 946 813 972 cum
845 930 926 972 fide
957 931 1045 972 vim
1077 931 1429 985 maiestatemque
1460 930 1609 985 populi
1638 930 1721 972 Ro-

170 991 288 1033 mani
307 990 572 1032 extollentes.
609 990 792 1031 maxime
818 993 963 1031 tamen
987 1004 1083 1044 spes
1109 989 1340 1044 potiundae
1367 990 1568 1030 movebat
1588 991 1721 1031 Acar-

169 1050 336 1092 naniae.
402 1049 536 1104 igitur
573 1049 839 1103 conscriptae
878 1048 1165 1100 condiciones,
1209 1048 1361 1103 quibus
1404 1048 1448 1088 in
1489 1048 1723 1089 amicitiam

172 1109 503 1162 societatemque
553 1108 701 1162 populi
749 1107 934 1148 Romani
982 1107 1192 1160 venirent,
1250 1106 1540 1161 additumque,
1588 1109 1637 1148 ut
1686 1107 1721 1147 si

169 1168 354 1222 placeret
379 1167 639 1221 vellentque,
671 1166 818 1207 eodem
849 1166 939 1207 iure
967 1167 1177 1208 amicitiae
1197 1164 1294 1206 Elei
1315 1164 1722 1219 Lacedaemoniique

171 1229 214 1268 et
240 1226 410 1267 Attalus
438 1228 480 1267 013
499 1225 725 1266 Pleuratus
752 1227 794 1265 et
814 1223 1107 1266 Scerdilaedus
1135 1227 1288 1275 essent,
1312 1249 1365 1254 —
1388 1224 1516 1265 Asiae
1537 1223 1722 1276 Attalus,

169 1285 215 1326 hi
244 1284 457 1326 Thracum
490 1288 531 1325 et
554 1283 798 1338 Illyriorum
828 1297 950 1338 reges
972 1301 1047 1339 -3
1077 1284 1236 1325 bellum
1268 1286 1316 1324 ut
1347 1283 1557 1337 extemplo
1579 1282 1724 1324 Aetoli

172 1358 267 1385 cum
294 1343 497 1398 Philippo
528 1345 643 1383 terra
668 1345 882 1397 gererent,
913 1343 1093 1384 navibus
1118 1356 1170 1383 ne
1196 1342 1334 1383 minus
1360 1342 1513 1396 viginti
1540 1342 1723 1397 quinque

172 1401 544 1457 quinqueremibus
590 1401 808 1442 adiuvaret
848 1400 1087 1454 Romanus,
1136 1401 1306 1442 urbium
1346 1399 1554 1455 Corcyrae
1597 1403 1722 1442 tenus

982 1528 1041 1563 nie
1074 1528 1286 1563 bestanden.
1338 1529 1407 1562 Zur
1438 1527 1724 1573 Redewendung

982 1576 1057 1621 vgl.
1083 1577 1124 1610 in
1142 1576 1335 1618 formulam
1359 1576 1534 1620 rediqere,
1565 1576 1724 1610 alicuius

981 1623 1159 1665 formulae
1194 1623 1328 1665 facere,
1364 1624 1404 1656 in
1440 1623 1634 1665 formulam
1674 1633 1723 1656 re-

982 1670 1075 1712 ferre
1105 1682 1139 1704 n.
1167 1681 1198 1704 a.
1236 1690 1278 1695 —-
1314 1680 1379 1714 que
1406 1690 1448 1695 —
1477 1680 1518 1704 ac
1550 1669 1610 1703 bei
1642 1669 1720 1704 Liv.

983 1716 1082 1752 Curt.
1115 1729 1148 1750 u.
1177 1717 1260 1752 Tac.
1295 1716 1442 1761 h‘aufige
1468 1716 1722 1760 Verbindung,

217 1531 259 1564 in
282 1541 324 1564 ea
365 1533 499 1564 ortana
523 1528 708 1574 haberent]
737 1528 790 1562 ‘in
812 1528 911 1563 einer

170 1588 210 1611 so
241 1576 477 1622 gliicklichen
507 1576 607 1620 Lage
643 1575 721 1610 sein
751 1574 909 1610 liessen’.

169 1624 253 1669 vgl.
267 1624 308 1658 in
323 1624 480 1666 servitio,
499 1624 541 1657 in
559 1623 671 1657 tutela
684 1623 811 1657 habere
825 1623 909 1667 aliq.

217 1674 249 1705 4.
271 1681 308 1705 eo
322 1671 363 1705 in
375 1671 509 1705 maiore
522 1670 666 1712 futuros
678 1670 822 1715 honore]
842 1669 909 1704 ‘sie

169 1718 320 1752 wfirden
347 1717 536 1752 deshalb
561 1717 599 1751 in
621 1716 715 1751 noch
734 1716 909 1751 hoherem

171 1764 292 1800 Grade
315 1764 445 1808 geehrt
464 1763 570 1798 sein’.
604 1774 641 1798 eo
655 1780 699 1792 =
713 1764 791 1798 ideo
810 1763 909 1798 beim

170 1811 414 1856 Komparativ
438 1811 535 1845 noch
561 1809 619 1853 35,
650 1814 682 1853 6,
714 1814 756 1845 10
782 1811 910 1845 milites

171 1869 214 1894 eo
242 1859 367 1903 plures
393 1859 546 1902 perisse,
575 1858 670 1902 quod
694 1858 840 1892 tardius
865 1877 908 1882 —

170 1906 424 1941 successissent.
445 1926 487 1930 -
510 1906 683 1939 venissent
703 1921 746 1933 =
766 1906 909 1939 venturi

170 1956 291 1988 essent.
335 1952 417 1997 Vgl.
444 1951 509 1995 21,
543 1955 604 1993 33,
631 1955 650 1985 9
678 1952 908 1986 traduxisset.

219 2004 249 2034 5.
284 2000 356 2034 vim
387 2010 430 2034 ac
459 1998 627 2044 spiritus]
665 1999 817 2042 spiritus
847 1999 908 2033 be-

170 2047 336 2082 zeichnet
348 2046 595 2080 namentlich
586 2057 637 2079 1m
648 2045 772 2080 Plural
782 2046 908 2080 trotzi-

169 2105 240 2139 gen
274 2094 355 2127 Mat
386 2093 461 2127 und
487 2092 584 2128 scine
610 2094 831 2137 Ausartung.
875 2092 909 2135 2,

170 2145 231 2184 35,
259 2145 279 2175 6
310 2141 462 2185 spiritus
492 2140 643 2174 hostiles.
687 2139 753 2182 30,
783 2143 909 2182 30,15

170 2189 323 2233 spiritus
346 2197 494 2232 magnios
518 2197 634 2231 magis
658 2198 764 2231 quam
786 2187 910 2227 utlees·

168 2235 220 2269 im
234 2235 322 2280 Sing
324 2234 406 2269 ulai·
416 2233 540 2278 24,22‚
550 2237 570 2268 8
584 2234 751 2268 muliebri
763 2235 908 2278 spiritu.

170 2282 231 2324 21,
259 2287 290 2325 1,
298 2247 336 2316 g5
363 2282 520 2326 inyeiztis
544 2281 696 2325 spiritus
723 2281 848 2315 virum.

216 2329 384 2371 infestam
402 2328 571 2373 habeant]
596 2329 749 2370 infestus
769 2328 807 2361 in
828 2338 908 2372 pas-

170 2375 285 2410 sivem
317 2375 444 2416 Sinne;
482 2374 576 2410 ‘dass
609 2376 660 2410 sie
693 2375 763 2409 den
794 2374 909 2409 Feind

169 2422 221 2456 im
259 2423 412 2466 eigenen
446 2422 571 2456 Laude
611 2423 768 2457 hatten⁷.
825 2421 907 2466 Vgl.

171 2480 201 2504 c.
221 2473 278 2511 46,
305 2473 322 2502 1
350 2469 464 2503 latera
489 2469 688 2511 infestiora.
730 2468 790 2511 24,
811 2472 843 2512 8,
866 2473 908 2503 16

171 2527 237 2551 ora
262 2516 399 2550 Italiae
423 2516 589 2557 infestior
612 2516 676 2550 hoe
700 2527 807 2551 anno.

219 2567 250 2598 6.
271 2564 312 2596 in
330 2563 518 2606 antiquam
536 2562 731 2604 formulam
750 2564 909 2607 iurisque

171 2621 214 2645 ac
244 2609 415 2655 dicionis]
452 2609 504 2643 ‘in
535 2609 600 2643 das
630 2608 794 2652 fn'ihere,
827 2620 908 2643 ver-

169 2655 907 2702 tragsrechtlichbegrfindeteAbhangig-

169 2702 512 2739 keitsverh‘altniss’.
571 2703 730 2745 formala
767 2719 809 2731 =
849 2702 908 2737 die

171 2751 423 2792 Bundesakte‚
483 2750 577 2784 nach
635 2749 793 2784 welcher
850 2748 909 2784 die

170 2798 311 2833 Rechts
341 2779 467 2841 (iuris)
497 2797 560 2832 der
586 2789 715 2831 Ᾰ130101
744 2796 819 2830 und
851 2796 908 2830 die

171 2845 449 2890 Abhangigkeit
479 2845 665 2886 (dicionis)
698 2844 762 2878 der
793 2843 909 2877 Akar-

173 2902 292 2927 nanen
315 2891 504 2926 bestimmt
528 2902 660 2926 waren.
712 2891 752 2924 In
777 2890 908 2924 Wahr-

172 2938 251 2973 heit
280 2939 383 2973 hatte
415 2938 474 2972 ein
507 2938 650 2973 solches
682 2937 909 2972 Verbaltniss

981 1764 1208 1799 namentlich
1240 1764 1301 1798 bei
1325 1763 1431 1798 mehr
1456 1763 1510 1798 als
1542 1763 1630 1797 zwei
1654 1763 1722 1798 Be-

982 1811 1113 1856 griffen
1145 1811 1179 1854 1,
1214 1815 1249 1855 7,
1284 1815 1327 1845 10
1361 1821 1486 1845 nomen
1518 1814 1723 1854 patremque

983 1870 1024 1893 ac
1045 1859 1220 1903 patriam.

1030 1909 1060 1940 7.
1080 1905 1259 1959 praetor]
1274 1904 1450 1939 stehende
1471 1897 1722 1948 [bersetzung

980 1963 1053 1986 von
1079 1949 1280 1996 στρατηγός
1300 1968 1344 1980 =
1366 1951 1684 1986 Bundesfeldherr.

1030 2003 1060 2034 9.
1079 2000 1150 2034 eod.
1176 2000 1254 2033 iure
1273 1998 1496 2044 amicitiae]
1486 2010 1523 2032 in
1538 1997 1722 2043 gleichem

981 2045 1382 2081 Bundesverh'altnisse.
1401 2045 1620 2080 amicitiaist
1629 2045 1721 2089 poli-

980 2093 1078 2128 tisch
1103 2105 1145 2127 zu
1170 2093 1306 2136 fassen,
1336 2093 1404 2127 wie
1431 2097 1449 2134 §
1476 2095 1496 2126 8
1524 2092 1722 2127 amicitiam

980 2141 1255 2184 societatemque.

1029 2198 1095 2232 que
1114 2208 1156 2212 -
1179 2191 1209 2221 et
1229 2207 1272 2212 —
1293 2190 1325 2221 et
1345 2208 1387 2211 —
1409 2186 1455 2231 et]
1477 2197 1543 2230 que
1561 2184 1649 2220 fasst
1662 2185 1721 2220 die

983 2233 1354 2269 stammverwandten
1367 2233 1621 2278 griechischen
1635 2232 1722 2267 Vol-

981 2280 1216 2316 kerschaften
1257 2293 1300 2315 zu
1337 2281 1437 2315 einer
1475 2280 1622 2324 Gruppe
1660 2291 1720 2313 zu-

982 2339 1165 2370 sammen,
1202 2327 1378 2362 wahrend
1410 2327 1474 2361 das
1504 2326 1720 2371 dreimalige

982 2379 1014 2410 et
1033 2375 1092 2410 die
1113 2374 1360 2419 auswartigen
1378 2374 1535 2408 Fi'irsten
1554 2384 1626 2408 von
1646 2373 1720 2408 ein-

982 2423 1095 2458 ander
1113 2424 1247 2457 trennt.
1286 2421 1370 2466 Vgl.
1394 2432 1421 2456 c.
1444 2424 1499 2463 39,
1526 2424 1545 2455 5
1573 2432 1596 2455 a
1614 2421 1721 2455 sociis

981 2469 1199 2514 Reqinisque
1224 2473 1256 2504 et
1280 2481 1304 2503 a
1337 2468 1438 2503 Velia
1467 2472 1498 2502 et
1528 2479 1551 2502 a
1579 2467 1720 2502 Paesto.

1031 2517 1238 2551 labellum
1257 2519 1299 2550 ut
1318 2515 1503 2560 extemplo]
1520 2514 1578 2549 die
1592 2514 1722 2549 Atoler

980 2566 1111 2608 tragen
1119 2564 1197 2598 also
1206 2563 1265 2598 die
1272 2573 1388 2608 ganze
1395 2563 1484 2597 Last
1495 2561 1559 2596 des
1567 2561 1720 2606 Krieges

980 2610 1041 2645 bei
1066 2610 1237 2656 geringer
1257 2591 1546 2655 Gegenleistung
1565 2609 1629 2643 der
1647 2608 1720 2642 Βδ-

979 2668 1067 2692 mer.
1119 2657 1191 2691 Der
1222 2657 1415 2701 Hauptton
1446 2655 1538 2699 liegt
1568 2654 1634 2689 auf
1662 2665 1719 2689 ex-

979 2704 1124 2747 templo,
1157 2704 1240 2738 weil
1271 2715 1308 2738 es
1333 2703 1428 2737 Rom
1460 2702 1551 2736 eben
1577 2701 1643 2735 auf
1664 2712 1720 2736 5ο-

979 2749 1114 2794 fortige
1142 2750 1300 2784 Abwehr
1324 2748 1490 2793 Philipps
1516 2748 1660 2782 ankam.

1031 2801 1082 2831 11.
1112 2795 1287 2849 οΜ03]ναε
1311 2795 1427 2840 tenus]
1454 2798 1521 2829 ten
1548 2794 1617 2829 mit
1636 2795 1719 2830 dem

982 2843 1145 2878 Genitiv:
1169 2844 1238 2877 wie
1254 2843 1318 2877 das
1331 2842 1555 2888 griechische
1576 2840 1717 2886 μέχρις;

980 2901 1046 2925 vor
1068 2890 1146 2924 Liv.
1171 2901 1237 2924 nur
1263 2889 1323 2924 bei
1341 2889 1535 2931 Dichtern3
1563 2889 1636 2934 vgl.
1657 2887 1717 2932 44,

982 2942 1038 2980 41,
1065 2940 1085 2971 8
1111 2947 1221 2982 yemis
1246 2940 1348 2971 tenus
1363 2938 1417 2980 (⁴⁹)

1388 2994 1436 3029 4*

1748 297 1770 328 4

1750 414 1770 445 5

1750 649 1770 680 6

1750 766 1769 796 7

1749 1000 1768 1031 8

1748 1117 1768 1148 9

1750 1234 1792 1265 io

1750 1410 1792 1441 11
