2000 3338
89 179 116 198 a.
138 171 203 197 chr.
222 179 250 196 n.
271 172 330 197 210.
548 159 691 195 LIBER
714 160 846 196 XXVI.
898 160 996 196 CAP.
1024 165 1079 195 47.
1106 164 1161 196 48.
1547 158 1628 200 101

90 268 405 322 aedificandam,
431 271 479 310 ut
504 269 727 310 minimum
747 268 936 310 omnium
954 268 1065 309 inter
1083 270 1226 309 tantas
1247 281 1347 321 opes
1366 267 1467 308 belli
1487 268 1635 321 captas
1663 277 1705 308 10

89 327 304 382 Carthago
336 327 432 381 ipsa
461 327 600 369 fuerit.

203 385 268 427 Eo
314 384 379 426 die
424 384 584 440 Scipio,
628 384 672 428 C.
714 385 861 427 Laelio
906 400 1001 427 cum
1052 385 1177 427 sociis
1221 384 1444 426 navalibus
1486 383 1635 425 urbem
1649 384 1704 425 48

88 444 299 486 custodire
349 445 482 498 iusso,
530 445 620 498 ipse
669 444 715 485 in
758 446 897 486 castra
946 443 1135 498 legiones
1183 443 1368 497 reduxit,
1416 442 1636 497 fessosque

87 502 244 544 milites
286 503 480 544 omnibus
524 517 609 544 uno
652 503 718 544 die
761 503 865 544 belli
903 501 1119 556 operibus,
1163 501 1317 555 quippe
1355 501 1427 554 qui
1465 504 1507 542 et
1545 501 1634 542 acie
1660 510 1680 541 2

88 561 361 604 dimicassent
391 564 433 602 et
465 560 669 615 capienda
699 561 802 602 urbe
833 561 1001 600 tantum
1038 559 1198 600 laboris
1236 559 1496 613 periculique
1529 559 1634 600 adis-

87 622 182 662 sent
213 622 256 661 et
286 622 411 674 capta
441 634 536 660 cum
566 619 633 671 iis,
664 619 735 673 qui
766 618 812 659 in
842 631 984 659 arcem
1009 617 1303 672 confugerant,
1333 616 1479 671 iniquo
1507 618 1634 658 etiam

86 679 181 721 loco
213 680 495 733 pugnassent,
536 691 682 718 curare
715 690 893 730 corpora
930 676 1067 717 iussit.
1122 678 1295 729 postero
1328 675 1395 716 die
1427 675 1635 717 militibus
1662 685 1681 716 3

84 737 394 792 navalibusque
421 735 548 777 sociis
569 734 810 777 convocatis
841 734 1027 788 primum
1053 734 1118 775 dis
1144 734 1456 775 immortalibus
1488 734 1635 775 laudes

87 798 316 862 gratesque
342 794 447 849 egit,
478 794 550 848 qui
576 808 619 835 se
645 807 732 835 non
763 793 880 834 urbis
908 792 1044 835 solum
1071 792 1420 847 opulentissimae
1447 792 1636 834 omnium

85 854 132 895 in
149 853 360 908 Hispania
385 866 469 893 uno
499 852 565 894 die
587 854 827 906 compotem
852 852 1066 905 fecissent,
1099 851 1171 892 sed
1197 854 1295 892 ante
1323 866 1371 892 eo
1399 851 1637 906 congessis-

87 914 182 955 sent
219 911 355 953 omnis
386 910 558 952 Africae
597 913 723 965 atque
755 910 990 964 Hispaniae
1030 924 1150 963 opes,
1187 913 1233 951 ut
1269 925 1404 977 neque
1439 910 1636 951 hostibus

87 971 313 1026 quicquam
363 969 719 1024 relinquerentur,
764 972 806 1010 et
844 969 925 1011 sibi
964 983 1011 1010 ac
1051 969 1137 1010 suis
1177 969 1319 1010 omnia
1357 971 1637 1023 superessent.

87 1028 271 1070 militum
316 1028 464 1069 deinde
508 1028 711 1069 virtutem
756 1028 1030 1078 collaudavit,
1071 1028 1182 1082 quod
1227 1042 1297 1069 eos
1342 1042 1426 1069 non
1471 1027 1636 1081 eruptio
1663 1039 1684 1067 4

86 1087 293 1141 hostium,
327 1101 413 1128 non
445 1086 626 1128 altitudo
660 1087 890 1138 moenium,
927 1101 1013 1128 non
1043 1087 1311 1140 inexplorata
1343 1086 1486 1141 stagni
1517 1085 1638 1139 vada,

85 1160 173 1188 non
205 1146 427 1187 castellum
457 1146 501 1187 in
534 1146 620 1187 alto
654 1146 818 1187 tumulo
849 1146 996 1198 situm,
1027 1160 1115 1187 non
1146 1145 1433 1186 munitissima
1465 1159 1539 1185 arx
1570 1144 1638 1185 de-

85 1205 327 1255 terruisset,
367 1218 449 1258 quo
481 1205 620 1245 minus
659 1204 1007 1245 transcenderent
1043 1205 1183 1246 omnia
1222 1206 1639 1258 perrumperentque.

83 1263 229 1318 itaque
262 1277 518 1318 quamquam
538 1263 733 1304 omnibus
766 1263 909 1304 omnia
941 1263 1129 1317 deberet,
1160 1263 1436 1317 praecipuum
1462 1262 1638 1304 muralis
1666 1271 1685 1302 5

88 1336 271 1364 coronae
303 1322 427 1363 decus
461 1322 550 1363 eius
583 1336 691 1375 esse,
730 1322 800 1376 qui
839 1322 1001 1376 primus
1033 1336 1201 1363 murum
1236 1321 1511 1374 ascendisset3
1545 1335 1641 1375 pro-

85 1381 277 1422 fiteretur
317 1380 389 1435 qui
427 1395 471 1421 se
509 1381 686 1435 dignum
719 1394 768 1422 eo
802 1380 971 1422 duceret
1009 1381 1133 1422 dono.
1195 1380 1276 1421 duo
1319 1380 1500 1434 professi
1533 1383 1641 1429 sunt,
1668 1390 1686 1421 6

87 1507 272 1552 Carthago
287 1507 331 1543 N.
346 1506 642 1552 ausgespeichert
658 1507 732 1542 und
746 1520 828 1542 zum
900 1508 1163 1553 geschuldeten
1189 1507 1329 1542 Danke.
1368 1507 1428 1551 27,
1456 1511 1510 1549 13,
1537 1511 1556 1541 2
1585 1508 1642 1541 dis

82 1554 318 1599 Verfertigen
372 1565 444 1589 von
495 1554 622 1588 Tauen
678 1554 830 1589 benutzt
900 1556 1164 1590 immortalibus
1191 1583 1196 1588 .
1227 1583 1232 1588 .
1263 1584 1268 1589 .
1296 1555 1420 1589 laudes
1445 1558 1640 1599 yratesque,

82 1601 218 1637 wurde.
264 1600 330 1644 22,
366 1604 427 1644 20,
462 1605 480 1636 6
514 1601 578 1636 ubi
609 1613 743 1646 mayna
774 1603 829 1636 vis

81 1649 200 1693 sparti
231 1651 326 1690 erat,
359 1649 408 1683 ad
438 1659 510 1682 rem
535 1649 722 1683 nauticam
747 1659 827 1684 con-

84 1698 182 1741 yesta
207 1695 252 1730 ab
281 1695 519 1730 Hasdrubale.

131 1753 160 1777 c.
176 1741 237 1786 48,
252 1745 284 1777 2.
311 1742 393 1777 belli
406 1742 531 1788 opera]
547 1752 667 1786 opera,
681 1741 718 1776 in
735 1742 827 1777 mili-

84 1789 264 1824 tarischer
295 1788 507 1833 Beziehung
538 1789 641 1824 sonst
672 1788 828 1823 Schanz-

85 1836 159 1871 und
175 1835 474 1881 Lagerarbeiten,
494 1836 542 1870 ist
561 1835 658 1870 hier:
679 1836 826 1881 Kriegs-

83 1883 233 1926 thaten,
266 1883 402 1918 Mfihen
433 1883 507 1927 vgl.
533 1882 599 1927 30,
626 1887 663 1926 3,
699 1887 718 1917 3
747 1884 830 1918 belli

85 1940 212 1974 opera,
254 1941 345 1974 quae
375 1930 488 1964 multa
522 1931 630 1964 simul
668 1931 828 1975 *undique

86 1987 165 2012 eum
192 1977 491 2019 circumstabant;
520 1975 628 2011 daffir
650 1976 684 2019 9,
707 1981 762 2021 17,
785 1981 825 2011 12

89 2024 270 2058 militaria
295 2035 404 2068 opera
423 2024 626 2069 puynando
652 2025 757 2059 obire.

131 2071 310 2115 capienda
323 2071 424 2116 urbe]
438 2071 567 2105 kausal
580 2071 827 2115 gebrauchter

86 2117 160 2152 abs.
180 2117 305 2153 Ablat.
327 2135 371 2147 =
391 2118 428 2152 in
449 2118 564 2162 Folge
587 2128 674 2159 von3
703 2119 743 2152 in
769 2129 826 2153 ea-

80 2165 221 2210 pienda
251 2176 287 2199 u.
320 2164 444 2199 wiirde
476 2177 545 2199 nur
576 2164 646 2199 den
675 2164 831 2200 Verlauf

87 2211 236 2246 zeitlich
250 2211 326 2246 und
341 2211 400 2246 die
408 2212 680 2257 Veranlassung
691 2211 826 2246 ausser-

87 2258 162 2293 lich
191 2258 432 2293 bezeichnen:
463 2259 538 2304 vgl.
566 2258 605 2302 3,
633 2262 695 2303 39,
724 2263 743 2293 7
770 2270 827 2294 ex-

85 2306 305 2350 perirentuff,
318 2309 453 2350 quanto
467 2306 598 2348 fortior
611 2307 712 2340 dolor
726 2307 828 2341 liber-

90 2355 162 2387 tate
180 2363 248 2387 sua
263 2353 488 2388 vindicanda
507 2372 551 2380 —
571 2357 664 2388 esset.
692 2352 751 2397 24,
774 2357 829 2397 36,

93 2403 122 2435 1.
149 2399 209 2442 25,
235 2403 290 2442 30,
317 2403 338 2434 6
363 2411 397 2435 u.
424 2410 455 2434 a.

139 2449 170 2480 3.
202 2447 378 2480 militibus
411 2447 671 2492 navalibusque
707 2448 828 2493 sociis]

91 2492 151 2527 die
164 2493 413 2535 Seesoldaten‚
426 2493 523 2528 wohl
538 2493 576 2528 in
589 2494 830 2530 Berficksich-

89 2540 222 2585 tigung
258 2539 356 2574 ihres
390 2539 564 2584 Fsihrers,
600 2541 760 2576 nehmen
791 2541 830 2577 in

90 2587 174 2622 dem
194 2598 334 2631 ganzen
359 2587 452 2631 Kap.
480 2587 560 2622 eine
585 2599 658 2622 von
683 2588 748 2622 der
767 2600 829 2633 ge·

88 2633 321 2669 wohnlichen
363 2634 622 2669 abweichende
661 2634 832 2681 Stellung

90 2681 166 2723 ein;
192 2680 243 2716 sie
267 2681 480 2716 erscheinen
500 2681 595 2716 auch
615 2681 731 2716 durch
751 2681 831 2716 ihre

91 2727 306 2763 Teilnahme
332 2739 378 2762 an
404 2728 468 2763 der
491 2728 831 2763 Heeresversamm-

89 2774 181 2820 lung
194 2775 290 2856 llden
324 2775 655 2820 Legionssoldaten
692 2775 830 2820 gleich-

91 2823 192 2866 geste
224 2823 250 2857 t.

139 2868 262 2903 laudes
280 2869 480 2915 yratesque]
499 2869 687 2904 feierliche
709 2868 829 2904 Wort-

91 2915 331 2961 verbindung‚
340 2916 494 2951 stehend
500 2928 573 2952 von
581 2916 664 2952 dem
675 2915 830 2951 Gottern

904 1603 1034 1647 inquit,
1061 1613 1137 1647 (190.

947 1653 1136 1693 compotem
1179 1649 1265 1694 fec]
1312 1647 1553 1683 Gewohnlich
1594 1647 1643 1683 ist

901 1706 1010 1740 comp.
1043 1696 1112 1731 mit
1137 1696 1309 1730 Wortern
1341 1695 1409 1730 wie
1435 1696 1524 1737 voti,
1555 1696 1642 1739 spei,

900 1744 1085 1786 victoriae,
1112 1744 1234 1778 laudis
1253 1742 1466 1777 verbunden
1485 1742 1560 1776 und
1579 1742 1642 1776 be-

902 1790 1079 1832 zeichnet,
1106 1789 1186 1824 dass
1211 1801 1297 1824 man
1317 1790 1416 1824 einer
1436 1792 1549 1833 guten
1568 1789 1644 1823 und

901 1837 1102 1872 besonders
1131 1837 1393 1881 gewfinschten
1420 1837 1536 1871 Sache
1561 1836 1643 1870 teil-

900 1884 1023 1928 haftig
1042 1884 1145 1918 wird.
1172 1883 1233 1926 29,
1256 1888 1308 1927 10,
1331 1887 1361 1918 8.
1389 1884 1448 1927 30,
1472 1888 1504 1926 1,
1526 1887 1555 1919 7.
1583 1883 1642 1924 29,

902 1935 957 1974 22,
986 1934 1005 1965 6
1031 1943 1066 1966 u.
1094 1935 1124 1965 ὃ.

947 1977 1183 2023 superessent]
1224 1979 1326 2012 sonst
1363 1988 1534 2021 superare
1569 1977 1644 2011 und

901 2025 1097 2059 abundare.
1132 2024 1166 2067 2,
1181 2028 1237 2068 27,
1255 2029 1296 2058 12
1325 2025 1412 2059 adeo
1431 2028 1645 2068 supererant

901 2073 1017 2107 animi
1043 2073 1091 2106 ad
1116 2072 1363 2107 sustinendam
1389 2072 1577 2106 invidiam.

947 2123 978 2153 5.
991 2120 1156 2153 omnibus
1169 2118 1307 2164 omnia]
1320 2117 1535 2153 bezeichnet
1545 2118 1643 2153 seine

899 2165 1158 2201 Dankbarkeit
1198 2166 1251 2200 als
1284 2166 1365 2200 eine
1396 2165 1644 2209 unbegrenzte

900 2213 975 2247 und
1003 2213 1075 2247 alle
1104 2213 1279 2248 Soldaten
1304 2212 1549 2247 umfassende.
1583 2211 1644 2256 28,

900 2263 1039 2303 24,16
1072 2261 1229 2295 turbatis
1259 2261 1378 2302 rebus,
1411 2271 1490 2294 cum
1522 2260 1644 2295 omnia

901 2288 1019 2343 omines
1045 2308 1227 2342 auderent

948 2356 1186 2398 praecipuum
1217 2354 1341 2399 decus]
1379 2353 1455 2388 die
1485 2353 1642 2388 ehrende

901 2401 1212 2446 Auszeichnung'.
1228 2412 1278 2445 pr
1281 2402 1380 2444 aecip
1386 2412 1468 2434 uum
1475 2400 1643 2435 bezeich-

902 2450 966 2483 net
989 2448 1073 2491 das,
1105 2459 1179 2482 was
1207 2448 1359 2493 jemand
1390 2459 1457 2482 vor
1483 2447 1643 2482 anderen

901 2506 1034 2530 vorans
1051 2495 1126 2530 hat.
1148 2496 1182 2537 9,
1197 2499 1252 2535 34,
1270 2499 1311 2529 11
1326 2496 1390 2529 hoc
1402 2495 1643 2539 praecipuum

902 2553 945 2577 ac
969 2543 1155 2587 sinyulare
1175 2559 1218 2571 =
1238 2541 1412 2587 Privileg.
1440 2542 1500 2585 27,
1523 2545 1577 2585 10,
1600 2545 1642 2575 13

902 2593 1039 2624 eentum
1060 2590 1183 2634 pondo
1209 2591 1294 2624 auri
1315 2590 1565 2633 praecipuum.

950 2637 1027 2670 eius
1052 2636 1136 2681 esse]
1163 2635 1219 2670 Da
1245 2637 1339 2671 nach
1359 2647 1389 2670 c.
1405 2640 1461 2678 46,
1477 2639 1496 2669 2
1523 2636 1644 2669 zuerst

902 2693 974 2716 von
1026 2683 1089 2717 der
1138 2682 1298 2717 Seeseite
1349 2683 1461 2716 ohne
1519 2681 1644 2715 allen

902 2729 1192 2763 Widerstand
1215 2729 1273 2763 die
1289 2729 1440 2763 Manern
1461 2728 1642 2772 erstiegen

902 2786 1043 2817 waren,
1076 2786 1114 2810 so
1139 2787 1216 2810 war
1241 2775 1300 2810 die
1327 2775 1554 2820 Verleihung
1579 2786 1642 2819 ge-

902 2822 990 2856 rade
1031 2822 1150 2857 dieser
1186 2821 1470 2866 Auszeichnung
1508 2821 1644 2856 hochst

902 2869 1084 2914 geeignet,
1099 2868 1337 2914 Erbitterung
1348 2867 1641 2904 hervorzurufen.

944 2915 1198 2962 profiteretur]
1230 2917 1332 2951 Auch
1353 2916 1412 2951 die
1431 2915 1642 2961 Mafsregel,
