2000 3338
250 139 307 182 50
715 139 857 174 LIBER
881 138 1012 173 XXVI.
1062 138 1161 174 CAP.
1188 142 1244 174 23.
1270 142 1326 172 24.
1631 154 1656 172 a.
1679 155 1708 173 u.
1729 148 1795 174 543.

204 257 225 289 5
251 247 363 290 cidit.
407 249 449 288 et
467 245 690 300 Anagniae
717 247 760 286 et
777 243 986 298 Fregellis
1009 244 1256 286 nuntiatum
1280 247 1347 285 est
1371 259 1539 286 murum
1566 249 1797 300 portasque

251 306 301 348 de
327 306 441 347 caelo
473 306 630 356 tactas,
662 304 706 344 et
728 302 774 342 in
804 302 898 343 foro
919 300 1159 343 Subertano
1186 302 1408 356 sanguinis
1433 304 1547 345 rivos
1578 318 1654 358 per
1684 304 1797 346 diem

249 366 389 406 totum
425 362 614 414 fluxisse,
658 364 701 402 et
736 360 859 402 Ereti
895 360 1106 414 lapidibus
1143 359 1348 414 pluvisse,
1391 362 1434 401 et
1469 360 1601 403 Reate
1637 363 1798 404 mulam

204 433 224 464 6
249 421 476 476 peperisse.
544 434 593 461 ea
629 419 828 473 prodigia
869 418 1024 460 hostiis
1061 418 1295 460 maioribus
1333 421 1434 459 sunt
1470 424 1713 475 procurata,
1757 424 1800 462 et

252 479 489 522 obsecratio
515 479 560 520 in
585 492 715 519 unum
743 478 855 519 diem
885 477 1044 532 populo
1076 477 1237 518 indicta
1261 479 1304 518 et
1328 476 1593 519 novemdiale
1619 493 1798 521 sacrum.

206 549 224 580 7
255 562 304 568 —-
340 537 580 579 sacerdotes
616 537 776 591 publici
815 536 978 590 aliquot
1009 550 1058 578 eo
1091 550 1204 577 anno
1240 535 1450 577 demortui
1488 538 1587 577 sunt
1615 538 1800 593 novique

250 596 432 638 suffecti:
475 596 522 637 in
560 596 701 637 locum
742 595 810 636 M’.
847 594 1021 636 Aemilii
1063 593 1274 636 Numidae
1319 594 1540 635 decemviri
1583 609 1800 637 sacrorum

249 655 305 696 M.
335 654 543 696 Aemilius
574 654 777 708 Lepidus,
808 654 853 695 in
883 654 1023 695 locum
1056 653 1124 694 Μ’.
1156 652 1380 707 Pomponii
1412 652 1631 695 Mathonis
1662 655 1800 708 ponti-

250 714 340 755 ficis
372 712 417 755 C.
450 713 612 766 Livius,
643 713 688 753 in
719 713 862 754 locum
894 710 964 766 Sp.
997 710 1175 753 Carvilii
1206 711 1384 753 Maximi
1416 712 1590 766 auguris
1621 711 1678 753 M.
1707 711 1801 754 Ser-

204 783 225 814 8
250 773 385 814 vilius.
429 772 475 813 T.
496 771 703 813 Otacilius
724 769 904 812 Crassus
935 770 1127 824 pontifex
1160 771 1260 825 quia
1285 773 1432 812 exacto
1462 785 1574 812 anno
1606 772 1801 812 mortuus

251 834 358 883 erat,
388 830 482 871 ideo
508 830 746 870 nominatio
777 829 823 869 in
851 829 994 870 locum
1020 829 1109 870 eius
1141 843 1230 870 non
1258 832 1324 870 est
1354 829 1481 871 facta.
1530 828 1576 871 C.
1596 827 1799 871 Claudius

248 889 404 930 flamen
433 888 592 938 Dialis,
625 887 737 942 quod
768 890 865 928 exta
895 901 1119 941 perperam
1151 887 1340 941 dederat,
1370 887 1561 930 flaminio
1594 888 1713 929 abiit.

180 948 237 989 24
367 947 448 989 Per
483 947 596 988 idem
633 950 802 1000 tempus
839 945 896 987 M.
927 945 1124 986 Valerius
1161 945 1390 999 Laevinus,
1427 947 1648 1001 temptatis
1683 947 1803 1001 prius

249 1021 326 1061 per
363 1008 524 1048 secreta
555 1005 767 1059 colloquia
802 1004 1041 1059 principum
1079 1004 1247 1057 animis,
1286 1004 1339 1045 ad
1377 1004 1582 1046 indictum
1621 1008 1718 1047 ante
1750 1005 1804 1047 ad

204 1075 225 1106 2
251 1065 294 1106 id
325 1065 468 1119 ipsum
500 1064 726 1106 concilium
744 1063 1000 1105 Aetolorum
1033 1063 1167 1105 classe
1200 1062 1397 1117 expedita
1426 1063 1554 1104 venit.
1601 1064 1677 1105 ubi
1708 1079 1804 1106 cum

253 1123 482 1178 Syracusas
527 1121 803 1177 Capuamque
847 1125 1018 1177 captam
1061 1122 1106 1163 in
1147 1121 1274 1162 fidem
1318 1122 1362 1162 in
1404 1121 1534 1163 Italia
1576 1121 1804 1178 Siciliaque

204 1194 224 1224 3
249 1197 392 1224 rerum
449 1181 729 1224 secundarum
786 1183 1067 1234 ostentasset,
1123 1180 1429 1235 adiecissetque
1485 1181 1570 1221 iam
1628 1180 1725 1222 inde
1780 1195 1806 1222 a

251 1241 486 1282 maioribus
517 1240 723 1281 traditum
753 1254 916 1281 morem
944 1239 1151 1282 Romanis
1184 1239 1349 1281 colendi
1382 1239 1536 1293 socios,
1569 1254 1618 1280 ex
1650 1239 1805 1294 quibus

252 1301 357 1342 alios
395 1300 440 1341 in
472 1299 689 1341 civitatem
727 1302 853 1354 atque
887 1313 1067 1353 aequum
1101 1312 1242 1340 secum
1274 1298 1340 1339 ius
1380 1298 1659 1352 accepissent,
1697 1298 1805 1340 alios

300 1443 330 1474 5.
356 1441 398 1473 in
416 1439 496 1482 foro
516 1438 734 1484 Subertano]
755 1439 792 1472 in
806 1437 990 1473 Etrurien.

1064 1438 1140 1472 mal
1188 1450 1251 1472 um
1301 1437 1371 1472 den
1420 1437 1527 1471 Altar
1583 1450 1627 1472 zu
1675 1439 1807 1483 tragen

250 1487 427 1522 Dasselbe
450 1487 675 1530 prodigium:
703 1486 762 1528 27,
790 1490 846 1527 37,
868 1490 887 1520 3
907 1497 989 1520 san-

1063 1485 1139 1519 und
1194 1485 1291 1520 daun
1339 1484 1379 1519 in
1423 1477 1634 1519 feierlicher
1682 1485 1806 1520 Weise

250 1535 374 1579 quinis
398 1534 518 1568 rivum
542 1534 584 1568 in
604 1536 714 1577 porta
739 1534 894 1576 fluoeisse.

300 1581 484 1625 lapidibus
525 1580 703 1625 pluvisse]
749 1582 852 1615 sonst
894 1579 989 1615 auch

252 1628 294 1662 de
319 1628 411 1663 coelo
442 1628 632 1672 lapidavit.
683 1626 767 1671 Vgl.
800 1627 859 1670 27,
887 1631 942 1670 37,
971 1632 988 1660 1

253 1674 312 1710 ein
355 1675 481 1720 h'aufig
523 1674 865 1709 wiederkehrendes
903 1685 989 1718 pro-

252 1722 414 1766 digium,
460 1721 618 1756 welches
661 1722 731 1756 mit
773 1722 993 1756 novemdiale

251 1780 394 1849 satiram
426 1769 588 1813 gesfihnt
619 1780 663 1803 zu
687 1768 835 1803 werden
865 1768 991 1814 pflegt.

216 1838 220 1840 —
252 1828 326 1861 vg.
353 1819 372 1858 ἓ
397 1820 427 1852 6.

299 1864 434 1898 mulam
470 1863 665 1907 peperisse]
710 1873 785 1896 was
828 1861 887 1896 ffir
932 1873 992 1906 ge-

255 1910 442 1945 wohnlich
480 1910 534 1945 als
571 1909 675 1944 nieht
711 1909 875 1953 moglich
912 1909 993 1953 gilt,

253 1957 346 1992 doch
372 1957 434 1999 37,
454 1961 486 2000 3,
507 1961 527 1991 3
548 1957 684 1992 wieder
704 1956 870 1991 erwahnt
889 1956 991 1991 wird.

253 2004 404 2039 Reatini
422 2005 677 2047 (nuntiabant)
696 2004 830 2038 mulam
850 2005 888 2037 in
905 2014 993 2048 ayro

254 2062 318 2087 suo
338 2052 527 2097 peperisse.

305 2103 334 2134 6.
359 2098 575 2143 procurata]
602 2097 676 2142 vgl.
704 2108 732 2132 c.
760 2102 792 2140 6,
822 2102 874 2132 14.

301 2147 472 2181 decemvir
509 2146 709 2188 sacrorum]
737 2145 830 2179 auch
863 2145 993 2180 decem-

253 2194 312 2228 vir
336 2194 450 2228 sacris
475 2192 677 2235 faciundi&
713 2191 765 2226 sie
791 2191 872 2226 sind
900 2193 993 2226 nach

255 2240 315 2283 10,
342 2243 374 2284 8,
401 2244 420 2274 2
448 2241 649 2274 carminum
675 2238 835 2284 Sibyllae
864 2250 906 2273 ac
937 2240 992 2282 fa-

254 2292 373 2322 torum
391 2288 524 2332 populi
548 2287 656 2320 huius
681 2287 900 2330 interpretes.

303 2337 334 2370 8.
361 2338 485 2369 exacto
516 2334 629 2379 anno]
662 2344 823 2378 genauer
860 2333 993 2378 ‘gegen

254 2381 357 2416 Ende
389 2381 452 2416 des
477 2381 637 2423 Jahres’,
669 2380 783 2415 daher
814 2380 894 2415 eine
929 2380 991 2415 Er-

256 2429 430 2464 satzwahl
476 2429 534 2462 fiir
572 2428 635 2462 ihn
673 2427 777 2462 nicht
813 2428 917 2462 mehr
955 2428 992 2462 in

255 2475 483 2517 demselben,
519 2475 676 2510 sondern
703 2477 775 2508 erst
799 2474 850 2509 im
882 2475 991 2510 1111811-

255 2525 334 2558 sten
360 2523 472 2557 Jahre
504 2522 667 2567 moglich
693 2533 770 2556 war
801 2521 861 2563 27,
883 2527 915 2561 6,
939 2527 992 2556 15.

303 2574 385 2605 eaeta
407 2581 595 2614 perperam
620 2568 792 2614 dederat]
832 2569 905 2603 Der
930 2571 993 2612 sla-

255 2629 333 2652 men
354 2616 489 2659 Dialis,
511 2617 564 2651 als
585 2615 649 2650 der
670 2617 815 2650 oberste
835 2616 995 2651 Priester

257 2665 319 2700 des
347 2664 506 2709 Jupiter,
542 2675 618 2697 war
643 2673 689 2697 an
716 2663 774 2697 die
806 2663 995 2698 Beobach-

255 2713 348 2756 tung
385 2711 608 2746 zahlreicher
646 2709 898 2746 Vorschriften
934 2722 995 2755 ge-

255 2759 415 2799 bunden,
441 2758 551 2793 deren
576 2758 797 2802 Verletzung
823 2758 892 2793 den
907 2757 994 2792 Ver—

258 2806 331 2840 lust
362 2806 480 2840 seines
512 2807 638 2840 Amtes
676 2805 770 2839 nach
807 2805 884 2840 sich
917 2816 994 2850 zog.

257 2852 357 2886 Dazu
395 2853 548 2897 gehorte
586 2852 697 2890 auch.
741 2851 821 2886 dass
861 2864 899 2887 er
935 2852 995 2886 bei

258 2900 339 2934 dem
380 2899 490 2943 Opser
529 2900 589 2933 die
625 2899 858 2943 Eingeweide
902 2899 994 2934 drei-

1064 1531 1130 1567 auf
1183 1532 1383 1567 denselben
1432 1543 1475 1565 zu
1526 1532 1635 1577 legen
1690 1532 1805 1567 hatte.

1062 1579 1159 1614 Weil
1192 1578 1365 1614 Claudius
1403 1578 1544 1613 hierbei
1578 1582 1693 1614 etwas
1727 1590 1806 1614 ver-

1064 1626 1175 1661 sehen
1207 1626 1329 1668 hatte,
1368 1624 1502 1661 musste
1535 1637 1574 1661 er
1610 1626 1688 1661 sein
1718 1627 1808 1661 Amt

1063 1673 1311 1718 niederlegen.

1115 1731 1143 1755 e.
1170 1719 1326 1762 24-26,
1354 1724 1384 1754 4.
1407 1719 1703 1755 Griechische
1723 1720 1808 1754 An-

1066 1767 1430 1813 gelegenheiten.

1115 1819 1144 1849 1.
1163 1815 1355 1859 concilium
1368 1814 1592 1859 Aetolorum]
1615 1812 1674 1848 die
1691 1826 1808 1857 πανη-

1066 1863 1170 1905 γυρίς
1214 1862 1278 1896 (181·
1314 1861 1459 1903 Atoler,
1506 1861 1565 1895 die
1610 1861 1690 1896 hier
1726 1860 1807 1896 81118

1068 1908 1420 1944 ausserordentliche
1440 1920 1484 1942 zu
1498 1908 1575 1943 sein
1589 1908 1733 1943 scheint
1743 1908 1809 1950 (ad

1066 1957 1105 1990 id
1131 1958 1250 2000 ipsum
1274 1956 1387 1995 iozd.)‚·
1413 1955 1508 1990 doch
1527 1955 1614 1990 fand
1633 1955 1728 1990 auch
1748 1955 1808 1990 die

1066 2002 1321 2047 regelmassige
1336 2002 1620 2048 Versammlung
1636 2003 1700 2038 des
1713 2002 1809 2037 Bun·

1067 2051 1130 2085 des
1173 2062 1235 2084 um
1284 2049 1444 2085 dieselbe
1487 2049 1708 2092 Jahreszeit,
1757 2049 1808 2084 im

1066 2097 1218 2136 Herbst,
1246 2099 1344 2132 statt.

1114 2145 1223 2179 classe
1266 2144 1449 2189 eatpedita]
1494 2154 1565 2178 von
1615 2142 1809 2188 kampfbe-

1068 2191 1183 2226 reiten
1200 2191 1359 2226 Schiffen
1375 2190 1508 2225 ebenso
1522 2189 1591 2225 wie
1605 2201 1676 2225 von
1687 2189 1809 2224 Land-

1067 2240 1227 2283 truppen
1262 2241 1403 2282 gesagt.
1444 2248 1471 2272 c.
1501 2241 1556 2278 39,
1589 2240 1610 2272 8
1643 2237 1808 2282 erpedire

1066 2286 1239 2330 rmniyem.
1268 2285 1327 2326 29,
1348 2288 1404 2326 22,
1428 2289 1444 2318 1
1467 2285 1613 2319 classem
1632 2285 1806 2329 eapediri.

1114 2336 1144 2366 2.
1159 2333 1223 2367 ubi
1235 2344 1313 2367 cum
1323 2352 1364 2357 —
1374 2332 1473 2377 haec]
1483 2331 1541 2366 die
1552 2331 1809 2377 regelmassige

1065 2380 1174 2414 Form
1206 2379 1270 2414 der
1303 2379 1454 2414 Periode
1486 2390 1565 2413 cum
1603 2381 1810 2414 ostentasset

1066 2428 1315 2471 adiecissetque
1341 2446 1383 2451 -—
1413 2425 1564 2470 Scopas,
1596 2437 1686 2471 quae
1711 2426 1810 2461 dicta

1067 2478 1186 2516 erant,
1225 2474 1465 2516 confirmavit,
1503 2473 1658 2508 erleidet
1695 2473 1809 2508 durch

1068 2521 1126 2556 die
1139 2533 1209 2556 von
1222 2521 1404 2556 abiecisset
1418 2520 1641 2565 abht‘mgige,
1657 2520 1809 2565 langere

1067 2568 1251 2603 indirekte
1284 2568 1384 2602 Rede
1423 2567 1502 2603 eine
1537 2567 1808 2610 Abweichung;

1068 2616 1131 2650 der
1151 2615 1327 2650 Gedanke
1353 2615 1417 2649 des
1437 2613 1698 2649 Vordersatzes
1718 2613 1809 2647 wird

1068 2662 1137 2697 mit
1156 2663 1240 2698 haec
1253 2666 1272 2704 ὅ
1288 2666 1305 2697 7
1322 2662 1417 2697 110811
1432 2660 1568 2696 einmal
1582 2671 1808 2695 zusammen-

1069 2709 1213 2755 gefasst.
1262 2709 1340 2753 vgl.
1369 2720 1396 2743 8.
1428 2712 1481 2748 12,
1511 2713 1562 2742 11.

1117 2761 1146 2791 3.
1175 2767 1325 2801 aequum
1356 2767 1471 2790 secum
1499 2755 1570 2801 ius]
1593 2771 1636 2784 ==
1658 2765 1810 2799 aequum

1069 2815 1146 2839 cum
1184 2815 1268 2842 suo:
1311 2803 1383 2846 vgl.
1429 2814 1457 2836 c.
1503 2806 1540 2844 9,
1588 2806 1646 2842 10;
1690 2802 1811 2837 semer

1068 2851 1133 2893 21,
1166 2855 1203 2893 3,
1240 2856 1259 2885 G
1298 2860 1408 2893 aequo
1447 2850 1523 2883 iure
1561 2861 1639 2884 cum
1676 2850 1810 2884 ceteris.

1071 2899 1128 2939 10,
1155 2902 1210 2939 24,
1239 2901 1291 2931 16.
