2000 3338
284 149 341 190 94
744 150 889 184 LIBER
912 150 1043 187 XXVI.
1093 150 1196 185 CAP.
1222 154 1279 185 43.
1306 153 1361 184 44.

1683 168 1708 186 a.
1727 168 1756 186 u.
1777 162 1838 187 544.

236 268 257 297 4
284 257 420 311 urbis,
464 257 536 298 sed
573 256 618 297 in
654 270 740 297 una
776 255 881 297 urbe
924 256 1170 297 universam
1208 256 1406 309 ceperitis
1443 255 1710 310 Hispaniam.
1769 258 1840 299 hic

284 318 386 356 sunt
411 313 581 355 obsides
602 313 791 354 omnium
817 313 1028 355 nobilium
1054 327 1203 369 regum
1228 313 1584 369 populorumque3
1610 316 1683 370 qui
1709 315 1839 357 simul

283 374 325 413 in
357 374 572 425 potestate
596 374 743 412 vestra
769 374 907 426 erunt,
938 372 1152 426 extemplo
1186 372 1329 413 omnia
1361 385 1468 425 quae
1493 386 1607 414 nunc
1632 374 1710 415 sub
1737 373 1839 416 Car-

236 441 256 471 5
283 429 628 484 thaginiensibus
668 431 785 483 sunt,
822 429 866 470 in
905 429 1113 471 dicionem
1150 430 1339 483 tradent3
1375 429 1445 471 hic
1481 431 1661 483 pecunia
1698 432 1841 474 omnis

281 488 487 542 hostium,
529 488 621 529 sine
660 502 743 542 qua
779 502 916 542 neque
954 488 1019 529 illi
1057 502 1203 543 gerere
1246 488 1404 530 bellum
1441 491 1639 554 possunt,
1682 490 1838 544 quippe

282 546 353 600 qui
390 545 674 588 mercenarios
714 546 924 588 exercitus
962 547 1097 598 alant,
1135 550 1178 588 et
1216 560 1324 601 quae
1361 545 1484 587 nobis
1524 547 1709 589 maximo
1740 548 1837 589 usui

234 616 254 646 6
281 604 335 646 ad
367 604 656 646 conciliandos
689 605 854 647 animos
891 605 1175 647 barbarorum
1208 605 1307 658 erit3
1344 604 1413 645 hic
1450 606 1683 658 tormenta,
1721 619 1839 648 arma

281 663 419 705 omnis
452 665 685 718 apparatus
717 663 820 704 belli
852 665 933 718 est,
966 664 1038 718 qui
1070 664 1196 705 simul
1223 666 1265 705 et
1292 677 1369 704 vos
1402 663 1586 704 instruet
1617 664 1660 704 et
1688 662 1836 705 hostes

235 732 252 762 7
278 721 470 763 nudabit.
507 722 722 776 potiemur
746 725 970 775 praeterea
996 737 1091 764 cum
1116 721 1404 777 pulcherrima
1429 721 1836 776 opulentissimaque

280 780 401 834 urbe,
431 782 524 821 tum
557 779 920 834 opportunissima
951 783 1078 834 portu
1112 781 1303 835 egregio,
1340 779 1450 821 unde
1487 781 1602 820 terra
1634 779 1836 834 marique,

279 852 386 893 quae
418 838 521 879 belli
547 852 650 879 usus
682 840 884 892 poscunt,
916 839 1251 892 suppeditentur.
1301 853 1408 892 quae
1436 852 1531 880 cum
1563 851 1721 892 magna
1752 838 1835 892 ipsi

232 908 252 939 8
278 896 553 950 habebimus,
595 899 687 937 tum
726 895 1034 950 dempserimus
1077 896 1275 938 hostibus
1314 897 1449 938 multo
1487 897 1662 939 maiora.

1729 896 1837 939 haec

278 955 363 996 illis
389 969 482 1008 arx,
508 955 590 996 hoc
614 954 834 1008 horreum,
861 954 1092 1009 aerarium,
1119 955 1516 1008 armamentarium,
1540 954 1622 996 hoc
1648 955 1838 997 omnium

277 1027 418 1055 rerum
450 1013 767 1067 receptaculum
801 1015 885 1066 est3
918 1013 1001 1054 huc
1026 1015 1167 1055 rectus
1195 1028 1245 1054 ex
1265 1012 1413 1054 Africa
1439 1027 1586 1054 cursus
1620 1016 1701 1068 est3
1732 1013 1838 1056 haec

277 1086 362 1113 una
399 1072 512 1113 inter
548 1072 817 1125 Pyrenaeum
855 1074 898 1112 et
937 1071 1075 1113 Gades
1115 1072 1264 1125 stati03
1308 1071 1409 1113 hinc
1447 1071 1564 1113 omni
1602 1071 1837 1126 Hispaniae

207 1131 264 1172 44
278 1131 477 1171 imminet
498 1129 655 1172 Africa.
668 1129 690 1151 '³‘
705 1130 727 1154 '¹‘
741 1130 764 1155 '³‘
779 1132 1034 1171 armaverat
1061 1145 1156 1172 cum
1175 1133 1291 1171 terra
1313 1129 1504 1184 marique
1530 1129 1685 1170 instrui
1705 1145 1837 1184 oppu-

232 1200 251 1230 2
279 1189 528 1244 gnationem
550 1188 723 1239 videret,
749 1191 792 1229 et
816 1189 907 1242 ipse
929 1189 1071 1242 copias
1098 1189 1159 1230 ita
1183 1189 1392 1243 disponit.
1419 1187 1728 1242 oppidanorum
1755 1187 1838 1230 duo

277 1339 356 1374 eine
364 1339 543 1384 prfifende
552 1339 796 1384 Berechnung
804 1339 1019 1384 angestellt3

276 1386 605 1431 ungewohnlicher
629 1385 825 1421 Ausdruck
852 1387 943 1421 statt
961 1398 1020 1421 ra-

275 1434 405 1468 tionem
430 1433 535 1468 inire.
564 1444 593 1468 c.
620 1437 653 1476 4,
680 1436 711 1468 4.
739 1432 798 1477 23,
824 1437 880 1477 25,
902 1437 933 1468 6.
959 1433 1020 1477 28,

275 1483 308 1524 8,
323 1483 355 1515 3.
381 1480 815 1524 exiqere=berechnen·
831 1491 1020 1515 lnumerum

275 1527 425 1571 eaeiyere,
449 1526 484 1570 3,
505 1530 538 1570 5,
561 1530 615 1569 12,
635 1527 710 1561 und
730 1526 862 1571 prufen
882 1526 942 1570 34,
963 1531 1020 1569 62,

277 1577 317 1607 11
339 1574 515 1618 oriyiuem
534 1574 630 1609 iuris
642 1574 790 1618 61619616.
817 1572 877 1617 34,
892 1578 948 1616 31,
966 1578 1019 1609 17.

321 1622 363 1655 iu
387 1632 465 1655 uua
490 1621 593 1666 urbe]
620 1621 674 1664 in,
707 1621 823 1655 durch
848 1621 924 1655 und
949 1621 1020 1655 mit

276 1667 339 1702 der
359 1667 581 1710 Ε111113111116;
603 1667 662 1702 6111
677 1667 714 1702 111
728 1666 844 1702 Prosa
862 1668 1020 1703 seltener

274 1715 479 1750 Ausdruck.
510 1715 568 1759 Vg
571 1696 594 1748 l.
615 1714 676 1758 38,
693 1718 747 1758 14,
768 1719 787 1748 5
808 1716 855 1749 iu
875 1725 1019 1750 emona

275 1772 400 1796 aurea
434 1761 516 1795 XV
544 1727 682 1796 ιἑζαῑεηὶα
720 1762 941 1804 adferebant.
984 1761 1018 1805 8,

274 1812 330 1852 34,
357 1813 376 1843 6
412 1820 481 1843 ueu
510 1809 670 1853 populus
694 1809 741 1843 iu
766 1819 807 1843 se
834 1830 875 1833 —
904 1810 1017 1843 dicta-

273 1858 382 1890 torem
409 1876 451 1881 ——
478 1856 697 1900 exstinguat.

320 1912 352 1943 4.
379 1919 501 1953 reyum
531 1908 841 1954 populorumque]
872 1908 1017 1944 formel-

271 1955 375 1990 hafte
427 1955 684 1999 Verbindung:
740 1955 1017 1990 monarchische

275 2001 428 2037 Staaten
453 2002 529 2037 und
555 2001 800 2047 Republiken.
838 2001 898 2046 24,
918 2006 975 2045 49,
996 2006 1015 2036 2

272 2059 369 2094 reyes
382 2050 606 2094 populosque
624 2049 786 2091 Africae.
814 2049 873 2093 21,
894 2053 951 2093 43,
975 2053 1015 2083 11

274 2096 406 2131 incluti
426 2097 559 2140 populi
583 2106 756 2140 o‘eqesque.

322 2152 353 2184 6.
380 2149 551 2193 nudabit]
574 2160 648 2193 erg.
669 2149 808 2192 opibus.
835 2149 894 2191 42,
918 2153 973 2191 50,
997 2154 1016 2183 8

272 2196 435 2230 nudatus
455 2196 503 2230 ad
522 2199 716 2230 extremum
735 2196 873 2239 opibus.
909 2196 945 2237 9,
972 2200 1013 2230 31

275 2245 316 2276 12
348 2243 479 2278 hostem
518 2243 695 2277 nudatum
733 2243 894 2277 urbibus.
948 2242 1016 2277 Ge-

272 2289 459 2324 wohnlich
492 2289 559 2324 hat
589 2290 729 2324 nudare
760 2289 810 2323 im
838 2289 1015 2324 Aktivum

274 2336 331 2371 die
374 2335 508 2379 Sache,
553 2336 692 2371 welche
738 2336 852 2370 durch
898 2335 1005 2370 Bloss-

274 2383 406 2417 stenen
433 2383 630 2427 gefahrdet
655 2383 764 2425 wird,
796 2383 851 2417 als
879 2382 1016 2428 Objekt

272 2429 332 2464 bei
359 2429 448 2464 sich.
476 2441 504 2464 c.
533 2434 588 2473 44,
617 2434 636 2464 6
657 2431 798 2464 nudata
823 2430 1015 2472 (lesen-sori-

273 2477 338 2511 bus
362 2478 514 2511 moenia.
553 2488 582 2512 c.
611 2480 666 2519 45,
693 2481 714 2511 8
740 2477 881 2511 ‘nudare
909 2479 1014 2512 vada.

272 2523 333 2566 27,
362 2527 416 2566 14,
446 2528 463 2558 7
490 2525 632 2558 nudare
657 2525 777 2559 aciem.

319 2582 409 2615 quae
435 2571 517 2605 belli
541 2581 629 2605 usus
648 2572 818 2616 poscunt]
854 2582 927 2605 was
954 2571 1017 2605 der

271 2616 538 2661 Kriegsbedarf
556 2618 750 2652 crheischt.
776 2618 859 2662 Vgl.
882 2617 941 2660 22,
962 2623 1015 2660 12,

273 2667 293 2698 8
320 2675 407 2699 usus
432 2666 625 2700 necessarii
650 2669 791 2709 coquut.
836 2666 876 2708 6,
904 2669 966 2707 25,
994 2670 1013 2699 9

273 2723 344 2755 qua
367 2723 536 2756 quemque
555 2723 701 2747 suorum
731 2723 857 2747 usuum
885 2723 1015 2747 causae

271 2759 415 2799 ferrent.

319 2806 588 2851 dempserimus]
616 2807 701 2841 dem.
732 2823 774 2834 =
802 2817 873 2840 von
894 2805 1013 2840 01116111

273 2855 421 2887 Ganzen
473 2853 579 2888 einen
632 2853 710 2888 Tei!
761 2852 1013 2898 wegnehmen,

272 2898 341 2933 mit
372 2899 573 2934 lmeksioht
603 2900 668 2934 auf
691 2900 756 2935 das
783 2900 892 2935 ihnen
921 2899 1012 2934 noch

1092 1339 1224 1374 immer
1260 1339 1369 1384 fibrig
1405 1338 1621 1382 bleibende3
1663 1350 1750 1373 man
1787 1350 1840 1373 er-

1092 1387 1226 1421 wartet
1257 1386 1359 1420 eher:
1401 1386 1532 1427 adimo,
1563 1395 1639 1420 was
1672 1396 1744 1420 von
1775 1397 1837 1431 ge-

1092 1433 1323 1468 waltsamem
1357 1432 1613 1477 Wegnehmen
1651 1432 1747 1467 nach
1784 1443 1839 1467 er-

1092 1479 1249 1525 folgtem
1283 1479 1438 1524 Kampfe
1477 1479 1540 1513 das
1574 1478 1838 1514 Gewohnliche

1093 1527 1152 1561 ist.
1204 1538 1233 1562 0.
1261 1531 1322 1569 31,
1351 1531 1382 1561 9.

1142 1589 1173 1620 8.
1200 1585 1285 1619 haec
1305 1605 1348 1610 —-
1369 1586 1433 1619 hoc
1453 1604 1496 1609 —-
1517 1584 1597 1630 hoc]
1618 1584 1763 1627 hieran,
1790 1595 1839 1620 an

1093 1632 1210 1667 dieser
1230 1631 1339 1666 Stadt
1358 1632 1488 1666 hatten
1504 1631 1590 1676 ι16116
1611 1631 1693 1666 61116
1712 1631 1837 1675 Veste,

1093 1679 1198 1713 einen
1213 1678 1398 1723 Speicher,
1421 1678 1661 1721 Schatzhaus,
1674 1677 1837 1713 Waffen-

1090 1725 1202 1770 platz.
1244 1725 1317 1768 29,
1350 1729 1413 1768 22,
1440 1729 1460 1759 3
1493 1726 1778 1760 armamentaria
1806 1728 1837 1760 et

1091 1773 1229 1807 horrea.
1269 1772 1314 1807 37
1329 1801 1336 1815 ,
1369 1777 1433 1815 27,
1462 1776 1478 1806 1
1507 1773 1546 1806 id
1571 1775 1648 1806 erat
1672 1772 1839 1807 horreum

1091 1819 1280 1855 Romanis.

1139 1868 1298 1901 omnium
1324 1877 1353 1900 r.
1380 1865 1657 1911 receptaculum]
1678 1866 1736 1900 ein
1758 1865 1837 1901 Sta.-

1091 1913 1262 1958 pelplatz.
1303 1912 1369 1956 34,
1399 1916 1461 1957 29,
1487 1917 1507 1947 2
1535 1912 1709 1958 Gythium
1735 1913 1837 1957 oppi-

1091 1961 1176 1995 (lum
1215 1961 1372 1994 omnium
1413 1971 1531 1994 rerum
1569 1960 1837 1995 maritimarum

1090 2007 1387 2042 Lacedaemoniis
1412 2007 1674 2051 receptaculum
1699 2017 1779 2042 6386.

1137 2055 1206 2089 hue
1249 2058 1365 2089 rectus
1409 2054 1560 2099 cursus]
1610 2057 1726 2089 rectus
1773 2054 1836 2088 be·

1090 2101 1257 2136 zeichnet
1291 2101 1350 2135 die
1385 2101 1520 2146 gerade
1553 2100 1656 2136 Linie
1695 2100 1835 2136 sowohl

1090 2148 1128 2182 in
1165 2148 1429 2190 horizontaler‚
1467 2147 1521 2182 als
1559 2147 1597 2182 in
1634 2146 1836 2182 vertikaler

1090 2194 1289 2238 Richtung.
1337 2194 1402 2237 21,
1442 2198 1503 2237 36,
1539 2198 1554 2227 1
1595 2197 1692 2229 recta
1729 2203 1832 2229 sara.

1089 2241 1150 2284 38,
1177 2245 1232 2283 20,
1261 2246 1279 2275 ὃ
1306 2244 1420 2275 rectae
1446 2251 1562 2285 prope
1586 2251 1703 2284 rupes.
1747 2240 1833 2286 Vgl.

1090 2292 1181 2322 recto
1206 2289 1334 2322 itinere
1359 2304 1403 2316 =
1431 2287 1697 2332 geradeswegs.

1135 2335 1259 2380 statio]
1298 2335 1388 2369 hebt
1425 2335 1483 2369 die
1516 2335 1735 2379 Bedeutung
1769 2334 1833 2370 des

1089 2381 1226 2416 Hafens
1253 2382 1311 2416 fiir
1334 2381 1392 2416 die
1412 2381 1688 2426 Kriegsmariue
1709 2381 1834 2417 besser

1089 2428 1238 2471 hervor,
1271 2429 1325 2463 als
1358 2440 1394 2463 es
1422 2432 1552 2472 portus
1578 2428 1671 2463 thun
1697 2429 1832 2464 wiirde.

1089 2474 1155 2518 27,
1188 2479 1249 2517 30,
1281 2480 1301 2510 3
1334 2477 1510 2520 cyrcqium
1539 2479 1687 2519 portum
1720 2478 1833 2511 tutas-

1088 2533 1154 2567 que
1178 2524 1359 2557 stationes.

1138 2570 1334 2615 imminere]
1358 2569 1430 2613 vgl.
1453 2580 1482 2604 c.
1505 2574 1536 2611 5,
1557 2573 1577 2603 4
1599 2573 1682 2613 post
1705 2568 1832 2611 Tisaia

1087 2620 1256 2659 montem,
1288 2618 1526 2651 imminentem
1560 2616 1727 2660 Capuae:
1759 2627 1830 2650 von

1089 2664 1188 2708 Lage
1215 2664 1279 2698 der
1305 2663 1449 2698 Litnder
1480 2663 1540 2705 24,
1567 2666 1622 2701 40,
1650 2666 1671 2696 4
1695 2662 1833 2707 (urbes)

1090 2730 1129 2735 —
1159 2712 1252 2755 quod
1278 2711 1503 2745 imminerent
1531 2710 1676 2745 Italiae.

1137 2758 1176 2792 In
1210 2757 1391 2801 jiingercn
1430 2756 1565 2791 Hdsch.
1605 2755 1700 2800 folgt
1738 2755 1829 2799 hier,

1088 2805 1141 2839 als
1162 2805 1381 2848 Ergituzung
1402 2806 1565 2847 spiitercr
1585 2802 1692 2837 Hand
1716 2803 1831 2838 leicht

1087 2851 1290 2893 kenutlich,
1304 2851 1364 2884 sed
1377 2851 1545 2894 quoniam
1561 2860 1621 2884 ros
1637 2851 1830 2885 instructos

1087 2902 1117 2932 ct
1151 2899 1336 2932 ordinatos
1371 2908 1555 2941 coquosco,
1595 2898 1643 2931 ad
1677 2897 1829 2932 Cartha-
