2000 3338
304 156 331 196 2
787 151 934 187 LIBER
957 150 1089 185 XXVI.
1141 151 1242 186 CAP.
1272 155 1301 186 1.
1329 156 1360 185 2.
1698 168 1722 185 a.
1742 167 1771 186 u.
1793 161 1858 187 543.

256 273 277 303 5
303 262 412 316 perii
429 262 679 314 respectum.
725 259 767 298 et
785 256 1056 310 praetoribus
1074 256 1231 310 prioris
1251 257 1362 310 anni,
1381 255 1438 297 M.
1457 255 1485 297 J
1487 256 1587 298 unio
1608 257 1652 298 in
1671 257 1863 311 Etruria,

305 320 351 361 P.
372 317 624 372 Sempronio
651 316 696 356 in
716 314 875 367 Gallia,
908 329 1005 356 cum
1034 314 1149 355 binis
1179 314 1440 368 legionibuS,
1472 329 1577 368 quas
1608 315 1861 366 habuerant,

258 389 277 419 6
303 378 582 432 prorogatum
615 376 680 414 est
710 372 955 426 imperium3
988 374 1270 426 prorogatum
1301 374 1345 412 et
1374 371 1432 414 M.
1454 371 1673 427 Marcello,
1705 376 1753 414 ut
1782 388 1861 428 pro

305 434 476 476 consule
518 433 564 473 in
602 430 748 472 Sicilia
790 430 955 485 reliqua
998 430 1099 471 belli
1142 430 1366 483 perficeret
1404 444 1452 471 eo
1491 431 1693 484 exercitu,
1735 446 1862 486 quem

257 505 275 534 7
302 493 496 534 haberet:
536 490 572 531 si
610 489 907 543 supplemento
946 503 1051 542 opus
1089 490 1219 541 esset,
1263 488 1481 542 suppleret
1518 487 1568 528 de
1607 489 1864 544 legionibus,

256 562 276 593 8
304 550 457 605 quibus
494 548 539 589 P.
579 546 802 590 Cornelius
839 548 1092 601 propraetor
1133 547 1179 587 in
1217 545 1362 587 Sicilia
1398 548 1632 600 praeesset,
1671 547 1771 588 dum
1807 562 1863 589 ne

303 622 429 663 quem
453 607 637 648 militem
661 606 824 660 legeret
850 620 900 646 ex
926 620 974 646 eo
1006 619 1200 659 numero,
1233 605 1386 658 quibus
1412 606 1589 646 senatus
1614 605 1863 647 missionem

255 679 275 709 9
301 667 570 720 reditumque
602 665 645 705 in
677 664 861 718 patriam
893 666 1095 718 negasset
1126 667 1226 704 ante
1257 663 1359 704 belli
1390 664 1530 704 finem.
1589 660 1634 703 C.
1662 661 1863 718 Sulpicio,

304 725 371 767 cui
391 723 537 766 Sicilia
563 724 778 775 evenerat,
812 722 918 762 duae
950 721 1161 776 legiones,
1194 736 1296 776 quas
1316 721 1361 763 P.
1383 720 1605 763 Cornelius
1630 720 1866 776 habuisset,

303 784 499 825 decretae
537 784 579 822 et
617 781 962 834 supplementum
1000 780 1050 820 de
1089 780 1274 821 exercitu
1313 778 1386 821 Gn.
1418 779 1576 833 Fulvii,
1614 779 1685 833 qui
1721 779 1864 833 priore

234 854 277 884 10
304 856 414 883 anno
458 841 503 881 in
544 839 704 892 Apulia
745 837 868 878 foede
911 852 1058 879 caesus
1101 838 1360 892 fugatusque
1404 839 1507 879 erat.
1573 838 1674 878 huic
1717 839 1866 892 generi

303 900 490 940 militum
535 899 707 939 senatus
753 896 932 937 eundem
976 910 1101 950 quem
1144 895 1437 938 Cannensibus
1480 896 1609 936 finem
1654 898 1867 938 statuerat

303 957 499 999 militiae.
567 955 757 996 additum
801 955 931 995 etiam
973 956 1250 1008 utrorumque
1294 954 1558 1008 ignominiae
1600 957 1683 1008 est,
1724 969 1777 996 ne
1819 955 1865 996 in

305 1015 475 1070 oppidis
506 1014 787 1055 hibernarent
815 1026 920 1053 neve
951 1012 1133 1053 hiberna
1164 1012 1341 1066 propius
1373 1012 1508 1053 ullam
1539 1013 1688 1054 urbem
1720 1013 1865 1055 decem

234 1087 276 1117 11
304 1074 478 1115 milibus
514 1087 719 1127 passuum
759 1071 1041 1112 aedificarent.
1107 1070 1152 1111 L.
1192 1069 1391 1112 Cornelio
1434 1070 1480 1110 in
1518 1070 1714 1112 Sardinia
1757 1071 1865 1113 duae

304 1133 496 1188 legiones
535 1131 677 1180 datae,
722 1130 876 1184 quibus
900 1128 962 1178 Q.
1000 1129 1166 1170 Mucius
1204 1129 1466 1183 praefuerat3
1512 1129 1866 1183 supplementum,

233 1202 278 1233 12
305 1191 342 1232 si
375 1205 482 1244 opus
508 1191 639 1243 esset,
671 1188 866 1230 consules
893 1187 1076 1230 scribere
1107 1187 1226 1229 iussi.
1276 1187 1322 1229 T.
1343 1186 1527 1228 Otacilio
1555 1189 1597 1228 et
1615 1186 1672 1228 M.
1690 1187 1866 1230 Valerio

304 1248 473 1291 Siciliae
506 1247 794 1301 Graeciaeque
833 1261 906 1288 ora
945 1261 1039 1288 cum
1077 1246 1320 1301 legionibus
1359 1246 1674 1299 classibusque,
1712 1246 1866 1300 quibus

304 1308 548 1362 praeerant,
592 1305 803 1358 decretae;
848 1305 1160 1359 quinquaginta
1198 1304 1374 1346 Graecia
1419 1318 1515 1345 cum
1558 1303 1728 1359 legione
1770 1319 1870 1359 una,

238 1378 280 1408 13
303 1369 474 1415 centum
508 1364 654 1406 Sicilia
686 1378 781 1405 cum
815 1363 977 1405 duabus
1009 1363 1252 1419 legionibus
1284 1363 1503 1404 habebant
1533 1377 1676 1404 naves.
1728 1363 1867 1405 tribus

306 1428 348 1466 et
383 1423 540 1479 viginti
576 1423 818 1477 legionibus
855 1421 1064 1463 Romanis
1096 1436 1144 1464 eo
1178 1437 1288 1463 anno
1327 1421 1488 1463 bellum
1525 1424 1640 1462 terra
1675 1422 1869 1477 marique

307 1486 372 1525 est
404 1485 585 1538 gestum.

259 1543 285 1583 2
423 1540 642 1594 Principio
681 1540 769 1581 eius
809 1539 909 1580 anni
947 1553 1043 1580 cum
1081 1539 1131 1580 de
1168 1539 1326 1580 litteris
1364 1537 1409 1580 L.
1440 1538 1590 1580 Marcii
1627 1538 1869 1593 referretur,

306 1668 432 1711 stand,
466 1666 564 1709 dass3
603 1666 702 1701 hier:
743 1666 818 1701 ‘die
844 1666 1050 1701 Einnahme

305 1715 406 1750 von'.
433 1714 493 1757 36,
514 1717 571 1757 27,
594 1718 611 1747 1
639 1713 819 1748 Heraclea
846 1717 956 1758 capta
981 1713 1051 1756 fre-

304 1763 359 1807 yit
383 1762 527 1796 tandem
554 1761 695 1795 animos
720 1772 754 1794 u.
782 1760 846 1794 oft.

353 1813 383 1844 6.
410 1809 552 1852 reliqua
578 1807 676 1853 belli]
693 1824 737 1835 =
752 1808 924 1851 reliquias
950 1807 1050 1848 belli;

300 1856 471 1900 perficere
502 1855 631 1889 bellum
656 1854 751 1888 auch
777 1854 874 1888 noch
905 1853 967 1896 21,
993 1857 1050 1897 46,

307 1907 344 1945 83
371 1902 432 1945 22,
447 1904 503 1945 38,
520 1906 539 1935 7
554 1902 636 1943 etc.,
655 1902 775 1935 neben
795 1901 888 1943 conf.
910 1901 1050 1943 bellum,

299 1950 532 1994 provinciam
552 1948 612 1992 27,
639 1952 671 1991 5,
698 1952 736 1990 33
763 1951 819 1990 45,
848 1951 879 1983 5.
906 1947 966 1989 28,
994 1951 1050 1991 24,

310 2000 327 2030 7
354 2008 388 2030 u.
417 2007 444 2030 s.
471 1995 495 2029 f.

354 2046 386 2078 8.
413 2043 617 2077 missionem
661 2041 750 2086 red]
777 2041 943 2086 gemeint
968 2041 1050 2075 sind

311 2089 369 2124 die
378 2088 673 2124 kannensischen
682 2087 1049 2132 Legionenvgl.§10.

307 2135 397 2170 Dafs
412 2135 471 2170 die
485 2135 727 2180 abgeleistete
736 2134 940 2169 Dienstzeit
947 2134 1051 2169 nicht

306 2183 556 2228 angerechnet
564 2181 667 2224 wird‚
678 2182 874 2225 (stipendia
881 2192 955 2216 non
966 2192 1049 2225 pro-

307 2231 436 2265 cedunt
445 2228 505 2273 25,
514 2233 545 2272 5,
557 2230 591 2271 8)
600 2228 649 2262 ist
664 2229 744 2263 eine
754 2228 850 2262 oster
865 2229 1051 2263 erwahnte

307 2276 428 2312 Strafe
449 2276 507 2310 fiir
527 2275 770 2310 militarische
793 2275 997 2320 Vergehen.

356 2327 386 2357 9.
402 2333 525 2358 caesus
535 2322 771 2368 fugatusque]
784 2322 1051 2356 zurAbwechs—

306 2370 398 2415 lung
430 2372 522 2404 statt
559 2370 623 2403 des
656 2368 917 2404 formelhaften
948 2369 1054 2411 susus

307 2417 545 2461 fuyatasque;
579 2415 652 2461 vgl.
680 2415 775 2451 auch
811 2415 870 2459 35,
901 2420 930 2459 1,
958 2419 989 2451 8.
1023 2417 1054 2450 si

307 2464 460 2506 fudisset
485 2464 735 2507 cecidissetque
759 2463 881 2498 hostis.

358 2514 411 2544 10.
431 2511 516 2544 huic
534 2509 931 2555 qeneri]=militiae
944 2510 1054 2544 huius

307 2558 447 2602 [Jeneris
471 2568 516 2590 m.
543 2557 692 2591 eundem
717 2558 823 2599 finem
849 2567 948 2601 quem
976 2557 1052 2590 mi-

309 2605 441 2639 litiae
463 2603 707 2638 Cannensium
726 2606 913 2638 statuerat.
955 2603 1054 2638 Statt

309 2651 373 2686 der
405 2650 691 2693 beiderseitigen
726 2651 880 2685 militiae
906 2650 1051 2685 werden

1171 1677 1215 1700 ne
1252 1666 1292 1700 in
1335 1676 1416 1710 opp.
1460 1665 1547 1709 hib]
1592 1665 1632 1699 In
1677 1665 1870 1700 ahnlicher

1126 1713 1250 1748 Weise
1271 1716 1420 1747 mussen
1440 1712 1627 1756 Truppen,
1647 1712 1787 1747 welche
1808 1712 1869 1747 die

1123 1759 1276 1794 Fahnen
1301 1759 1470 1794 verloren
1490 1759 1623 1801 haben,
1650 1759 1745 1793 ohne
1765 1758 1868 1794 Zelte

1125 1806 1335 1841 ausserhalb
1348 1806 1412 1841 des
1420 1806 1561 1840 Walles
1572 1805 1711 1850 lagern.
1722 1805 1783 1848 10,
1792 1810 1825 1850 4,
1835 1810 1867 1840 4.

1173 1866 1243 1900 hib.
1271 1865 1472 1910 aedifican]
1496 1864 1730 1899 technischer
1755 1864 1867 1899 Ausd.

1125 1911 1190 1946 der
1203 1911 1512 1955 Militarsprache.
1539 1910 1601 1954 24,
1615 1915 1672 1953 39,
1688 1915 1731 1945 13
1746 1911 1810 1956 (M
1811 1922 1869 1946 ar-

1124 1960 1246 2002 cellus)
1271 1959 1508 1994 hibernacula
1535 1958 1745 1993 communiit
1770 1959 1869 1993 aedi-

1123 2006 1324 2050 ficavitque.

1171 2065 1286 2099 decem
1305 2076 1348 2098 m.
1364 2064 1482 2109 pass]
1505 2064 1570 2098 der
1588 2063 1672 2098 Abl.
1694 2063 1761 2098 der
1779 2063 1868 2098 Ent-

1123 2111 1281 2155 fernung
1306 2113 1400 2145 statt
1418 2122 1525 2155 quam
1545 2110 1616 2144 mit
1635 2110 1719 2144 dem
1739 2111 1867 2145 Aecus.

1124 2169 1152 2192 c.
1175 2162 1230 2200 34,
1246 2161 1277 2193 9.
1300 2168 1343 2192 ne
1361 2159 1442 2202 quis
1460 2168 1580 2191 eorum
1598 2157 1751 2201 propius
1771 2168 1869 2192 mare

1125 2205 1327 2249 quindecim
1358 2205 1505 2239 milibus
1536 2214 1713 2248 passuum
1740 2215 1868 2248 agrum

1125 2252 1373 2295 aedificiumve
1396 2252 1546 2286 haberet.

1175 2314 1228 2344 13.
1256 2311 1338 2344 trib.
1365 2313 1395 2344 et
1428 2311 1497 2354 riq.
1525 2309 1604 2354 leq]
1632 2309 1711 2344 dies
1736 2309 1785 2344 ist-
1809 2309 1868 2344 die

1126 2357 1280 2392 hochste
1292 2368 1362 2392 von
1371 2356 1463 2391 Rom
1479 2356 1529 2390 im
1538 2360 1623 2391 2ten
1637 2368 1722 2401 pun.
1732 2355 1869 2401 Kriege

1127 2403 1365 2448 aufgestellte
1389 2403 1656 2448 Truppenzahl.
1696 2403 1869 2438 Dieselbe

1128 2451 1215 2485 Zahl
1243 2451 1302 2493 25,
1330 2455 1362 2493 3,
1391 2455 1420 2485 7.
1449 2450 1509 2493 25,
1542 2455 1598 2494 36,
1627 2453 1681 2486 12.
1721 2471 1763 2475 -
1803 2449 1868 2484 Bei

1127 2497 1253 2532 diesen
1279 2498 1405 2543 haufig
1431 2497 1780 2532 wiederkehrenden
1802 2496 1868 2531 Zu-

1127 2545 1506 2590 sammenstellungen
1538 2544 1602 2579 der
1629 2542 1867 2579 Streitkrafte

1126 2592 1303 2627 weehselt
1328 2591 1405 2626 Liv.
1433 2592 1503 2626 mit
1529 2591 1598 2626 den
1625 2589 1867 2625 Ausdri‘icken

1126 2638 1186 2680 22,
1213 2643 1277 2682 36,
1310 2643 1341 2673 2.
1377 2650 1447 2673 rem
1478 2649 1605 2683 qerere.
1641 2636 1701 2679 30,
1733 2640 1790 2680 27,
1825 2641 1864 2671 11

311 2698 369 2732 die
401 2709 533 2742 yenera
565 2698 667 2732 milit.
703 2697 818 2732 selbst
849 2697 919 2732 mit
950 2697 1050 2732 einer

311 2744 522 2779 bekannten
556 2743 803 2788 Brachylogie
823 2745 1050 2789 gegem‘iber-

311 2791 470 2835 gestellt.
521 2802 550 2825 c.
571 2796 627 2834 36,
652 2795 692 2825 12
722 2792 818 2826 hunc
843 2802 1051 2826 consensum

310 2841 457 2872 senatus
494 2842 650 2882 equester
687 2839 775 2873 ordo
813 2842 862 2873 est
899 2842 1051 2879 secutus.

314 2886 483 2929 equestris
509 2886 651 2920 ordinis
671 2885 783 2929 plebs.

1125 2687 1312 2728 defendere
1325 2686 1524 2730 imperium.
1554 2695 1582 2719 e.
1596 2688 1651 2727 41,
1669 2688 1689 2718 9
1711 2684 1866 2718 admini-

1123 2737 1240 2767 strare
1264 2733 1453 2776 imperium
1479 2744 1512 2766 u.
1541 2741 1572 2766 a.

1172 2791 1206 2833 2,
1237 2796 1264 2827 1.
1288 2792 1406 2834 princ.
1435 2801 1461 2825 e.
1489 2789 1597 2835 anni]
1624 2789 1660 2823 in
1682 2788 1783 2823 einer
1803 2788 1868 2823 der

1125 2840 1246 2873 ersten
1273 2837 1608 2881 Senatssitzuugen.

1173 2885 1215 2918 L.
1246 2885 1403 2929 Marcii]
1439 2884 1486 2918 Er
1520 2884 1623 2918 hatte
1657 2882 1750 2918 uach
1783 2882 1866 2918 dem
