2000 3338
202 192 227 209 a.
247 184 312 210 Clu.
332 191 360 209 n.
381 185 442 209 211.
732 175 877 210 LIBER
900 176 1030 211 XXVI.
1082 176 1183 212 CAP.
1211 181 1242 211 2.
1264 181 1297 212 3.
1724 177 1751 218 5

200 281 450 335 exercitum,
487 280 598 336 quod
639 295 689 323 ex
727 283 816 324 acie
853 283 1030 338 fugerit,
1067 284 1111 324 in
1151 282 1340 325 Siciliam
1378 283 1663 338 deportatum,
1700 299 1753 325 ne

198 339 316 393 prius
346 339 443 380 inde
476 339 718 381 dimittatur
750 356 879 395 quam
909 341 1046 383 hostis
1078 356 1128 383 ex
1159 341 1288 383 Italia
1320 342 1563 395 decesserit,
1599 345 1642 383 et
1671 342 1753 383 hoc

199 396 312 438 idem
331 397 377 438 in
397 396 471 439 Cn.
490 397 628 439 Fulvii
653 399 894 453 legionibus
915 414 1052 454 nuper
1076 400 1307 441 decretum:
1335 399 1409 442 Cn.
1428 400 1578 441 Fulvio
1604 400 1752 455 fugam

199 468 250 495 ex
279 456 442 509 proelio
468 456 604 510 ipsius
635 458 876 499 temeritate
903 459 1129 499 commisso
1162 459 1418 512 impunitam
1445 473 1554 512 esse,
1587 462 1629 499 et
1657 473 1752 500 eum

197 514 244 553 in
274 527 411 567 ganea
440 515 688 569 lustrisque,
718 516 792 556 ubi
821 516 1038 556 iuventam
1065 517 1217 570 egerit,
1250 519 1509 558 senectutem
1540 520 1752 558 acturum:

197 570 369 622 milites,
416 573 487 627 qui
522 573 630 614 nihil
667 573 782 614 aliud
822 573 1110 627 peccaverint,
1154 588 1280 627 quam
1326 574 1437 628 quod
1480 575 1752 628 imperatoris

199 630 360 672 similes
389 630 567 685 fuerint,
598 631 811 685 relegatos
843 645 975 684 prope
1002 631 1046 671 in
1073 631 1267 672 exsilium
1294 633 1628 687 ignominiosam
1660 634 1750 686 pati

197 693 408 734 militiam.
477 691 580 732 adeo
625 690 832 742 imparem
868 689 1113 730 libertatem
1150 689 1312 731 Romae
1350 690 1429 731 diti
1473 705 1521 731 ac
1563 692 1752 744 pauperi,

196 751 406 793 honorato
434 752 561 802 atque
592 746 850 787 inhonorato
883 761 988 788 esse.
1036 762 1134 788 reus
1161 749 1213 789 ab
1245 763 1289 789 se
1317 749 1486 803 culpam
1517 749 1562 789 in
1593 749 1750 790 milites

195 807 499 851 transferebat:
525 819 596 847 eos
616 804 815 846 ferociter
833 818 1022 859 pugnam
1042 809 1268 860 poscentes
1288 807 1518 860 productos
1538 807 1583 847 in
1606 807 1752 861 aciem,

195 882 283 909 non
314 880 362 907 eo
395 879 476 919 quo
502 863 733 916 voluerint,
766 863 865 918 quia
898 878 1038 904 serum
1071 863 1153 905 diei
1184 865 1329 919 fuerit,
1362 865 1435 906 sed
1465 869 1638 920 postero
1672 865 1752 919 die,

195 929 239 967 et
280 927 471 978 tempore
516 925 558 963 et
598 922 694 963 loco
740 936 873 975 aequo
917 922 1168 973 instructos,
1220 938 1292 965 seu
1343 923 1502 965 famam
1548 939 1620 965 seu
1664 924 1750 964 vim

193 983 385 1025 hostium
415 995 503 1023 non
535 980 804 1022 sustinuisse.
860 994 954 1021 cum
988 981 1118 1022 effuse
1151 995 1296 1023 omnes
1327 981 1542 1037 fugerent,
1576 996 1619 1023 se
1652 996 1751 1037 quo-

195 1056 274 1097 que
310 1041 438 1082 turba
470 1039 678 1092 ablatum,
715 1041 764 1080 ut
793 1038 1033 1081 Varronem
1066 1038 1279 1081 Cannensi
1311 1055 1474 1095 pugna,
1511 1043 1560 1081 ut
1591 1041 1749 1081 multos

194 1100 301 1141 alios
344 1100 637 1152 imperatores.
706 1098 777 1151 qui
822 1099 965 1138 autem
1010 1097 1148 1138 solum
1187 1113 1231 1139 se
1273 1101 1505 1140 restantem
1549 1098 1750 1153 prodesse

192 1158 256 1199 rei
286 1157 501 1211 publicae,
532 1156 616 1196 nisi
650 1156 685 1196 si
710 1170 826 1197 mors
853 1170 929 1196 sua
953 1156 1140 1197 remedio
1173 1157 1357 1210 publicis
1385 1157 1576 1198 cladibus
1607 1157 1751 1198 futura

193 1219 324 1266 esset,
349 1214 568 1269 potuisse?
599 1228 687 1255 non
709 1228 752 1255 se
771 1214 917 1267 inopia
938 1216 1198 1255 commeatus
1219 1215 1263 1256 in
1290 1216 1385 1257 loca
1412 1216 1561 1270 iniqua
1580 1216 1749 1257 incaute

194 1274 439 1327 deductum,
488 1287 573 1314 non
618 1272 788 1327 agmine
833 1273 1100 1326 inexplorato
1146 1276 1316 1315 euntem
1364 1274 1530 1315 insidiis
1575 1275 1751 1315 circum-

191 1336 374 1375 ventum:
412 1332 454 1373 vi
493 1333 657 1385 aperta,
699 1331 845 1385 armis,
885 1331 973 1372 acie
1011 1331 1183 1372 vietum.
1233 1347 1327 1374 *nec
1366 1347 1538 1374 suorum
1583 1332 1748 1373 animos

192 1405 271 1433 nec
318 1390 508 1432 hostium
550 1389 596 1430 in
639 1391 853 1442 potestate
896 1389 1115 1430 habuisse:
1167 1405 1290 1431 suum
1334 1391 1484 1445 cuique
1529 1391 1750 1445 ingenium

194 1449 416 1491 audaciam
455 1450 528 1489 aut
562 1461 765 1501 pavorem
802 1447 954 1488 facere.
1015 1448 1082 1488 bis
1122 1451 1186 1490 est
1224 1452 1445 1490 accusatus
1486 1449 1749 1503 pecuniaque

239 1563 433 1608 deportat]
482 1562 656 1597 bedeutet
699 1562 932 1607 gewohnlich

193 1610 262 1645 wie
283 1610 452 1644 deducere
468 1609 568 1644 ‘vom
581 1609 932 1653 Kriegsschauplatz

191 1669 274 1702 weg
286 1656 384 1691 nach
396 1656 519 1690 Hause
534 1655 698 1690 schaffen
708 1655 731 1698 ς’
748 1656 822 1700 vgl.
838 1666 866 1689 c.
880 1660 933 1698 17,

193 1708 225 1747 63
260 1703 342 1738 hier
378 1701 641 1747 ‘wegschaffen
682 1714 743 1736 zur
784 1702 931 1742 Strafe,'

192 1751 263 1786 wie
289 1751 392 1785 sonst
415 1750 571 1794 releyare
596 1752 614 1790 ξ
636 1753 679 1784 16
700 1761 733 1783 u.
755 1748 815 1791 25,
838 1754 870 1793 5,
892 1753 935 1783 10

194 1797 395 1832 Cannensis
413 1797 588 1831 exercitus
607 1796 783 1840 relegatus
801 1797 843 1830 in
863 1795 936 1830 Sic.

191 1843 268 1879 und
293 1843 353 1886 21,
382 1846 437 1886 10,
459 1846 501 1876 12
528 1843 766 1877 devehendum
790 1843 831 1877 vin
850 1843 935 1877 ulti-

192 1901 269 1926 mas
293 1890 407 1924 maris
431 1892 681 1932 terrarumque
705 1899 798 1923 oras.

238 1937 280 1971 in
306 1936 505 1980 leyionibus
525 1964 532 1971 .
553 1963 561 1970 .
576 1935 719 1980 decret]
746 1935 850 1970 nicht
873 1947 936 1980 ge-

192 1994 274 2027 gen,
296 1982 455 2017 sondern
467 1982 505 2016 in
525 1982 608 2016 dem
622 1982 739 2016 durch
754 1981 812 2017 die
827 1982 936 2027 Legi-

193 2040 287 2064 onen
307 2029 523 2074 gegebenen
542 2028 656 2069 Falle,
683 2040 745 2062 zur
763 2028 935 2063 Bezeich-

190 2088 292 2120 nung
313 2076 377 2110 des
397 2075 582 2117 Gebietes‚
603 2075 760 2109 welches
780 2086 852 2109 von
873 2075 937 2110 der

192 2122 410 2166 Thatigkeit
436 2121 500 2155 des
521 2121 631 2156 Verb.
658 2121 813 2156 berfihrt
833 2122 934 2156 wird.

191 2169 251 2212 27,
277 2173 333 2211 22,
361 2173 393 2203 6.
425 2169 521 2212 quod
551 2169 593 2202 in
625 2167 670 2203 L.
705 2168 852 2203 Veturio
878 2169 935 2203 de-

191 2219 335 2251 eretum.

241 2266 295 2297 15.
315 2263 356 2296 iu
374 2272 493 2307 ycmea
512 2260 719 2306 lustrisque]
740 2261 779 2295 in
799 2262 936 2296 wsister

193 2308 453 2353 Schwelgerei.
486 2307 547 2351 23,
567 2311 624 2350 45,
645 2312 665 2342 2
686 2308 770 2342 vino
792 2311 824 2342 et
843 2318 936 2343 seor-

191 2356 240 2390 tis
263 2358 296 2389 et
320 2355 486 2390 omnibus
510 2356 636 2390 lustris
661 2355 846 2396 confectos.

239 2401 438 2446 iuventam]
477 2401 539 2436 bei
577 2401 656 2435 Liv.
702 2401 817 2435 findet
856 2401 934 2436 sich

191 2447 413 2482 wiederholt
457 2449 606 2482 iuventa
632 2464 675 2476 =
720 2447 933 2493 Jfinglings-

191 2494 302 2536 alter3
324 2495 492 2528 iuventus
502 2510 546 2523 =
560 2495 717 2536 iuvenes,
735 2495 870 2528 ebenso
883 2505 933 2529 se-

190 2544 295 2575 necta
304 2557 348 2569 =
359 2539 626 2582 Greisenalter;
641 2540 699 2575 ein
712 2541 817 2575 mehr
832 2541 932 2575 dich-

191 2587 371 2622 terischer
398 2586 729 2631 Sprachgebrauch
760 2587 835 2621 und
866 2599 934 2622 vor

189 2634 268 2668 ihm
286 2634 325 2668 in
339 2634 454 2667 Prosa
475 2644 545 2667 nur
557 2633 766 2668 vereinzelt.
783 2644 811 2667 c.
831 2638 884 2676 19,
899 2638 931 2668 3.

191 2681 237 2715 ab
250 2681 397 2715 iuventa
411 2679 471 2723 28,
487 2683 543 2723 35,
559 2683 590 2714 7.
627 2682 767 2714 senecta
781 2678 841 2723 24,
856 2684 889 2722 4,
900 2684 931 2716 2.

240 2731 293 2762 16.
320 2727 391 2762 diti
410 2737 452 2761 ac
473 2737 579 2770 pau„
599 2727 680 2761 hon.
709 2729 814 2769 atque
840 2726 931 2770 inh]

190 2774 256 2809 der
280 2773 371 2818 sing.
397 2783 508 2808 masc.
529 2783 652 2818 gener.
679 2784 741 2806 zur
763 2772 932 2807 Bezeich-

188 2832 291 2865 nung
319 2830 453 2865 ganzer
477 2819 633 2854 Klassen
670 2819 737 2853 hat
766 2818 829 2853 bei
853 2819 932 2855 Liv.

188 2867 298 2902 weite
318 2867 583 2911 Ausdehnung,
603 2865 744 2901 sowohl
763 2865 815 2899 im
834 2866 933 2900 Posi-

187 2912 245 2949 tiv
276 2913 332 2948 als
367 2913 418 2947 im
448 2912 690 2958 Komparativ
722 2923 751 2947 c.
779 2916 834 2957 36,
857 2916 877 2947 9
902 2914 935 2947 si

1006 1564 1101 1607 quod
1114 1564 1304 1608 iniunyere
1322 1565 1493 1606 inferiori
1512 1565 1607 1598 velis.
1628 1562 1710 1606 2,’9,
1726 1567 1746 1598 3

1005 1610 1240 1645 salubriorem
1258 1611 1360 1654 inopi
1372 1622 1478 1655 quam
1490 1611 1638 1654 potenti.
1650 1630 1696 1635 —
1708 1621 1750 1644 ae

1008 1656 1173 1691 scheidet
1193 1657 1436 1701 Gegens'atze;
1462 1657 1536 1702 vgl.
1564 1668 1592 1691 c.
1615 1661 1671 1699 34,
1694 1660 1747 1691 12.

1008 1714 1099 1747 quae
1118 1714 1237 1738 eorum
1259 1715 1365 1739 saera
1385 1715 1428 1739 ae
1441 1704 1606 1748 profana
1626 1707 1746 1738 essent.

1009 1749 1067 1793 22,
1096 1754 1151 1793 26,
1179 1755 1198 1785 5
1225 1752 1333 1795 aequi
1358 1755 1465 1795 atque
1490 1751 1621 1794 iniqui.

1058 1819 1086 1842 c.
1120 1808 1154 1842 3.
1186 1819 1303 1843 serum
1335 1809 1422 1854 diet]
1462 1809 1526 1843 das
1566 1809 1748 1843 substant.

1008 1855 1136 1890 Neutr.
1176 1855 1274 1890 eines
1311 1855 1394 1900 Adj.
1435 1855 1647 1890 verbunden
1680 1855 1750 1889 mit

1009 1902 1093 1935 dem
1119 1901 1207 1936 Gen.
1235 1902 1334 1937 eines
1362 1903 1482 1936 Subst.
1508 1902 1559 1936 ist
1582 1904 1750 1936 nament-

1007 1948 1083 1982 lich
1127 1960 1189 1982 zur
1226 1949 1485 1993 Bezeichnung
1527 1948 1750 1982 raumlicher

1008 1995 1083 2028 und
1109 1995 1296 2030 zeitlieher
1316 1995 1569 2030 Verhstltnisse
1589 1995 1649 2030 bei
1669 1995 1748 2030 Liv.

1010 2041 1092 2075 sehr
1117 2041 1381 2086 gebrauchlich
1405 2041 1472 2084 33,
1504 2046 1561 2085 48,
1588 2046 1608 2076 6
1634 2052 1751 2076 serum

1008 2089 1134 2122 noetis.
1162 2088 1194 2130 7,
1221 2093 1253 2131 8,
1280 2093 1300 2123 5
1325 2099 1441 2123 serum
1473 2089 1556 2123 diei.
1589 2099 1620 2122 c.
1645 2092 1703 2132 45,
1728 2091 1749 2122 8

1007 2135 1161 2169 medium
1187 2136 1276 2177 diei,
1309 2137 1404 2169 auch
1430 2135 1499 2169 mit
1523 2136 1674 2179 Priapos.
1701 2136 1750 2169 ad

1008 2192 1052 2215 m.
1080 2182 1114 2216 d.
1135 2181 1194 2225 22,
1215 2185 1272 2225 45,
1295 2186 1324 2217 1.
1346 2182 1406 2225 23,
1429 2187 1482 2225 16,
1509 2185 1562 2216 10.
1590 2184 1630 2215 in
1650 2193 1694 2216 m.
1713 2183 1747 2216 d.

1009 2227 1069 2271 27,
1096 2232 1128 2271 2,
1156 2232 1187 2262 9.

1057 2290 1087 2322 2.
1114 2287 1223 2321 turba
1261 2287 1346 2330 abl]
1390 2298 1476 2321 vom
1520 2286 1642 2321 Str-om
1685 2287 1749 2321 der

1009 2333 1237 2368 Fliehenden
1274 2333 1524 2378 fortgerissen.
1568 2333 1642 2377 vgl.
1688 2333 1747 2375 22,

1008 2383 1065 2421 49,
1106 2383 1147 2413 12
1187 2380 1384 2414 Lentulum
1423 2381 1518 2414 inter
1556 2381 1748 2414 tumultum

1008 2427 1217 2470 abripuit
1242 2437 1363 2471 equus.

1053 2485 1128 2518 nisi
1146 2485 1193 2529 si]
1209 2496 1496 2529 ausgenommen
1513 2486 1609 2519 etwa
1623 2496 1744 2526 wenn;

1004 2530 1041 2565 in
1074 2530 1294 2566 ironischem
1322 2531 1450 2573 Sinne3
1482 2532 1557 2566 nisi
1581 2531 1630 2566 ist
1654 2542 1747 2575 ganz

1006 2589 1089 2611 zum
1127 2578 1286 2613 Adverb.
1322 2578 1530 2623 geworden.
1556 2577 1617 2620 28,
1644 2582 1700 2620 31,
1726 2581 1746 2611 2

1005 2625 1079 2658 nisi
1103 2625 1136 2658 si
1161 2628 1268 2659 terere
1287 2625 1429 2667 frustra
1452 2628 1590 2668 tempus
1609 2625 1744 2659 vellent.

1053 2686 1084 2716 4.
1116 2683 1362 2728 inexplorato]
1413 2683 1633 2725 adverbiell,
1677 2682 1747 2716 wie

1005 2727 1067 2762 bei
1086 2727 1159 2763 Cic.
1181 2730 1294 2763 sehon
1313 2731 1548 2774 inauyu-rato,
1568 2730 1745 2762 intestato.

1005 2774 1066 2817 27,
1089 2778 1144 2818 26,
1166 2779 1195 2809 6.
1220 2777 1448 2819 inexplorato
1473 2779 1594 2809 euntes
1613 2774 1673 2817 21,
1687 2778 1745 2817 25,

1007 2824 1044 2862 93
1073 2821 1207 2855 ebenso
1234 2823 1418 2866 explorato
1444 2822 1504 2865 27,
1530 2825 1562 2865 2,
1591 2825 1645 2856 12.
1672 2822 1746 2855 nisi

1006 2868 1192 2911 explorato
1211 2867 1272 2911 31,
1292 2872 1325 2910 2,
1353 2872 1384 2903 7.

1055 2918 1085 2947 5.
1122 2915 1175 2949 bis
1212 2918 1261 2949 est
1296 2915 1501 2961 accusatus]
1540 2925 1578 2950 es
1613 2915 1745 2949 hatten

1780 411 1823 441 15
