2000 3338
685 175 826 210 LIBER
851 175 982 210 XXVI.
1034 174 1134 210 CAP.
1162 179 1192 211 7.
1214 179 1245 210 8.
1674 175 1728 216 15

172 193 198 213 a.
219 186 286 211 Chr.
305 193 334 211 n.
355 186 416 211 211.

176 282 325 323 derent
361 281 544 336 animos3
588 281 811 323 bolerando
855 296 1012 335 paucos
1053 281 1142 323 dies
1186 283 1323 323 totam
1361 281 1576 322 soluturos
1615 282 1728 323 obsi-

176 340 356 381 dionem.
412 339 509 380 inde
541 354 672 381 naves
704 340 750 381 in
779 340 952 381 flumine
981 339 1194 381 Vulturno
1227 339 1553 393 comprehensas
1586 340 1728 395 subigi
1754 353 1773 383 9

175 398 228 439 ad
265 397 308 438 id
340 398 451 451 quod
488 398 575 438 iam
608 401 706 439 anie
743 398 944 452 praesidii
975 412 1103 439 causa
1138 398 1299 439 fecerat
1331 397 1555 439 castellum
1592 398 1726 440 iussiiz.

175 470 355 510 quarum
391 455 466 496 ubi
502 458 668 497 bantam
705 457 872 510 copiam
911 470 1018 508 esse,
1055 458 1103 496 ut
1139 470 1222 496 una
1259 458 1385 496 nocte
1421 456 1546 497 traici
1582 458 1728 510 posseb

174 514 401 564 exercilsus,
443 514 636 555 adlatum
668 518 751 568 est,
787 514 958 555 cibariis
991 514 1135 554 decem
1168 513 1329 553 dierum
1360 515 1626 567 praeparatis
1659 514 1726 556 de·
1755 526 1798 557 10

174 573 321 613 ductas
352 574 477 613 nocte
509 573 562 613 ad
592 572 768 613 fluvium
800 571 989 625 legiones
1024 573 1123 611 ante
1153 571 1290 611 lucem
1321 571 1500 612 traiecit.

293 630 342 670 Id
372 631 621 684 priusquam
652 630 788 682 fieret,
818 629 881 669 ita
911 629 1101 669 fulsurum
1128 631 1389 681 compertum
1416 642 1465 669 ex
1490 630 1726 685 transfugis
1746 633 1771 673 8

173 687 348 729 Fulvius
379 688 557 729 Flaccus
594 688 760 727 senatui
789 686 972 727 Romam
1010 700 1105 727 cum
1144 686 1401 739 scripsisset,
1440 687 1557 727 varie
1595 689 1727 729 animi

173 746 396 788 hominum
426 760 503 800 pro
537 745 738 799 cuiusque
770 744 942 798 ingenio
976 744 1131 785 adfecti
1156 747 1266 785 sunt.
1315 747 1364 785 ut
1388 745 1432 785 in
1457 759 1503 786 re
1529 747 1617 785 tam
1642 748 1725 787 tre·
1752 758 1771 787 2

173 804 273 858 pida
299 806 446 845 senatu
472 803 683 856 extemplo
710 806 861 844 vocabo
881 802 927 843 P.
947 801 1186 854 Cornelius,
1218 803 1285 844 cui
1305 802 1464 844 Asinae
1491 817 1727 858 cognomen

173 865 282 916 erat,
320 875 464 902 omnes
503 861 628 902 duces
666 861 956 914 exerciizusque
994 875 1044 901 ex
1086 862 1181 902 tota
1217 860 1346 902 Italia
1380 875 1517 915 neque
1555 860 1726 915 Capuae

172 934 309 974 neque
334 920 464 960 ullius
492 919 666 960 alterius
695 919 757 960 rei
783 933 947 961 memor
973 919 1026 960 ad
1051 919 1169 960 urbis
1194 919 1454 972 praesidium
1478 920 1725 974 revocabas,

171 977 327 1021 Fabius
359 977 572 1019 Maximus
613 978 783 1019 abscedi
821 992 846 1018 a
878 976 1026 1031 Capua
1062 978 1295 1030 terrerique
1327 980 1370 1018 et
1402 977 1633 1033 circumagi
1673 979 1726 1019 ad

168 1038 297 1077 nutus
335 1036 771 1090 comminationesque
808 1035 1068 1077 Hannibalis
1109 1035 1372 1090 flagitiosum
1409 1035 1608 1076 ducebat:
1652 1037 1725 1091 qui
1750 1049 1772 1079 4

169 1094 222 1136 ad
254 1092 424 1135 Cannas
461 1094 599 1136 victor
630 1094 691 1135 ire
727 1096 874 1135 tamen
913 1094 964 1135 ad
1001 1094 1149 1135 urbem
1182 1108 1310 1135 ausus
1342 1108 1430 1135 non
1461 1096 1591 1148 esseb,
1629 1109 1725 1136 eum

170 1167 195 1193 a
227 1150 374 1205 Capua
405 1153 623 1206 repulsum
657 1167 776 1206 spem
813 1152 1045 1206 potiundae
1076 1152 1194 1193 urbis
1226 1152 1388 1193 Romae
1421 1152 1598 1206 cepisse!
1637 1168 1725 1194 non

170 1210 223 1252 ad
242 1210 424 1252 Romam
457 1211 752 1264 obsidendam,
784 1211 856 1251 sed
889 1210 942 1252 ad
964 1209 1136 1264 Capuae
1167 1210 1432 1251 liberandam
1459 1211 1725 1253 obsidionem

168 1269 241 1309 ire.
308 1269 490 1310 Romam
534 1284 629 1310 cum
674 1283 722 1310 eo
768 1270 972 1322 exercitu,
1016 1269 1087 1323 qui
1131 1268 1184 1309 ad
1221 1269 1370 1310 urbem
1408 1272 1536 1322 esset,
1578 1269 1724 1311 Iovem

168 1327 387 1368 foederum
418 1330 640 1381 ruptorum
674 1327 726 1368 ab
758 1326 1002 1368 Hannibale
1040 1329 1195 1368 testem
1227 1327 1411 1380 deosque
1444 1327 1551 1368 alios
1587 1328 1726 1369 defen-

1751 991 1771 1021 ω

1751 1166 1770 1196 0⁹¹

169 1419 292 1453 erhalb
313 1419 361 1462 (3,
376 1422 432 1462 38,
446 1423 477 1452 2.
499 1418 559 1460 31,
574 1422 630 1461 22,
647 1419 680 1461 5)
696 1418 913 1462 despondere

169 1466 309 1500 animos
328 1465 387 1499 die
404 1465 624 1509 Bedeutung
643 1465 781 1499 abicere
800 1466 910 1499 anim.

218 1516 248 1547 9.
283 1511 420 1556 subiyi]
460 1523 528 1545 nur
565 1511 805 1554 dichterisch3
849 1512 910 1546 bei

168 1558 247 1593 Liv.
272 1570 342 1592 nur
365 1558 463 1601 hier3
490 1575 534 1587 =
558 1558 741 1593 stromauf
763 1558 907 1594 rudem.

219 1609 273 1639 10.
300 1605 451 1640 cibariis
489 1606 604 1640 decem
636 1605 688 1650 d.]
715 1604 774 1639 fiir
805 1604 907 1639 Fuss-

169 1652 338 1686 soldaten
374 1651 454 1686 eine
480 1651 652 1686 ziemlich
677 1652 787 1696 lange
814 1651 904 1694 Zeit,

169 1698 228 1733 die
273 1698 564 1733 bevorstehende
602 1699 770 1733 Marsche
815 1699 910 1733 ohne

167 1745 542 1790 Fouragenachfuhr,
577 1745 653 1780 also
678 1745 912 1790 En‘cfernung

167 1802 240 1826 von
272 1792 336 1826 der
369 1791 685 1836 Operationsbasis
717 1794 910 1826 vermuten

168 1838 266 1873 lafst.
329 1838 500 1873 Gemeint
541 1838 623 1872 sind
666 1838 782 1872 Brod-
822 1839 911 1873 oder

169 1885 477 1929 Mehlportionen.
546 1885 725 1929 Dagegen
769 1886 910 1920 cibaria

169 1935 268 1966 cocta
300 1948 344 1960 =
378 1931 719 1974 Schiffszwieback‚
751 1932 910 1967 welcher

168 1978 264 2012 noch
289 1978 497 2012 bedeutend
515 1978 666 2023 langere
687 1978 767 2012 Zeit
785 1989 908 2013 vorzu-

169 2025 296 2059 halben
322 2025 404 2059 hat:
443 2025 502 2068 29,
524 2028 579 2068 25,
607 2030 626 2059 6
653 2025 846 2069 quinque
871 2025 909 2059 et

169 2072 478 2116 quadraqinta
508 2072 649 2106 dierum
674 2072 834 2114 cibaria,
865 2082 909 2106 ecc

168 2118 299 2162 quibus
323 2119 525 2162 quindecim
554 2119 693 2153 dierum
712 2122 822 2161 cocta,
841 2119 908 2153 im-

168 2165 300 2209 posita.

217 2223 246 2246 c.
267 2211 301 2253 8,
316 2215 336 2245 2
357 2223 468 2256 neque
486 2212 599 2246 ullius
619 2211 784 2257 alterius]
811 2211 906 2246 kei-

168 2269 245 2293 ner
270 2258 460 2293 zweiten
493 2258 627 2300 Sache‚
655 2258 713 2293 die
740 2270 826 2293 man
849 2259 909 2293 fiir

170 2305 303 2340 ebenso
322 2305 475 2349 wichtig
500 2305 627 2339 halten
651 2305 808 2348 konnte3
847 2305 907 2348 28,

170 2355 227 2395 37,
255 2355 274 2385 6
313 2363 375 2386 nec
399 2353 587 2396 quisquam
619 2353 769 2386 alterius
792 2353 908 2396 yentis

168 2408 276 2432 wnus.
302 2397 361 2440 22,
390 2402 443 2440 14,
469 2403 491 2432 4
516 2399 656 2433 nullius
681 2399 841 2433 alterius.

216 2444 419 2489 revocabat]
447 2455 485 2478 er
516 2445 641 2480 stellte
668 2445 738 2480 den
764 2447 908 2490 Antrag

169 2491 236 2525 auf
255 2490 592 2535 Zurt'ickberufung.

217 2541 248 2572 3.
282 2537 426 2572 Fabius
471 2537 544 2582 M.]
595 2537 664 2572 wie
707 2539 804 2573 nach
847 2539 908 2573 der

170 2584 346 2619 Schlacht
382 2584 443 2618 bei
476 2583 623 2618 Cannae
661 2585 846 2619 erscheinb
870 2596 908 2619 er

170 2631 264 2665 auch
283 2630 364 2665 hier
383 2631 438 2665 als
458 2630 522 2664 der
536 2631 819 2674 unbeugsamste
836 2632 908 2665 und

168 2677 412 2713 besonnenste
432 2677 578 2722 Gegner
596 2676 812 2712 Hannibals.
833 2678 907 2722 vgl.

170 2724 229 2766 22,
257 2728 312 2766 55,
339 2727 371 2758 4.

218 2770 430 2816 circumagi]
459 2770 529 2814 eig.
550 2787 593 2799 =
614 2770 906 2805 herumschwen-

169 2817 253 2862 ken,
278 2817 510 2852 technischer
536 2817 730 2852 Ausdruck
755 2817 814 2851 fiir
839 2817 907 2852 Be-

169 2875 375 2909 wegungen
406 2875 477 2899 von
514 2864 801 2908 Truppenteilen
833 2865 907 2898 und

172 2910 348 2953 Schiffen;
381 2922 410 2945 c.
439 2914 501 2953 39,
530 2915 572 2945 13
594 2912 733 2955 puppis
758 2912 907 2946 circum-

986 1419 1196 1462 ayebantur.
1233 1418 1272 1461 3,
1307 1421 1346 1461 8,
1374 1422 1394 1453 8
1420 1419 1639 1453 circumacto
1665 1430 1725 1463 ag]-

983 1466 1087 1499 mine.
1137 1465 1179 1499 In
1198 1465 1483 1510 fibertragenem
1505 1463 1628 1508 Sinne,
1655 1466 1724 1500 wie

983 1512 1077 1546 auch
1115 1512 1287 1554 deuhsch,
1328 1511 1425 1546 ‘eine
1464 1511 1724 1557 Schwenkung

981 1558 1167 1593 machen'.
1206 1558 1266 1602 39,
1293 1561 1324 1601 5,
1353 1563 1372 1592 3
1400 1559 1514 1593 alieni
1538 1561 1724 1593 momentis

981 1606 1098 1639 animi
1122 1606 1331 1649 circumagyi.
1372 1604 1432 1647 44,
1460 1609 1515 1648 34,
1543 1609 1564 1639 4
1589 1606 1631 1640 in
1655 1617 1724 1650 quo

979 1652 1138 1686 exercitu
1151 1653 1361 1696 imperator.
1373 1679 1379 1686 .
1391 1653 1613 1687 ‚rumoribus
1626 1653 1726 1697 vulyi

984 1699 1263 1743 eircumayatur.

1031 1746 1080 1780 ad
1098 1749 1210 1780 nutus
1229 1746 1522 1779 comminationes
1539 1745 1588 1790 q.]
1610 1747 1658 1780 ad
1679 1763 1723 1774 =

983 1792 1050 1826 auf
1060 1791 1346 1836 Veranlassung.
1374 1791 1409 1834 2,
1424 1795 1479 1834 54,
1495 1796 1514 1826 5
1535 1793 1584 1826 ad
1596 1796 1725 1826 nutum

983 1840 1253 1883 imperiumque.
1282 1838 1314 1882 7,
1342 1843 1397 1881 30,
1434 1841 1477 1872 20
1503 1841 1633 1872 nutum
1657 1850 1724 1873 nu-

981 1896 1136 1930 menque.
1148 1889 1300 1920 —nutus
1315 1885 1408 1919 wird
1422 1886 1514 1919 stets
1526 1896 1597 1919 von
1610 1885 1723 1920 herri-

984 1933 1095 1966 schen
1134 1932 1222 1966 oder
1262 1931 1490 1975 unbedingte
1517 1931 1724 1977 Befolgung

981 1978 1232 2013 heischenden
1256 1978 1436 2012 Befehlen
1469 1979 1722 2022 angewendet.

1028 2029 1060 2060 4.
1087 2026 1151 2069 qui
1176 2026 1224 2059 ad
1251 2024 1288 2059 O.
1314 2025 1428 2059 victor
1447 2026 1500 2059 ire
1519 2025 1652 2070 tamen]
1675 2026 1724 2060 ad

983 2072 1020 2108 G.
1034 2073 1148 2106 vietor
1161 2071 1367 2116 entsprioht
1380 2070 1498 2106 einem
1507 2071 1723 2107 Koncessiv·

982 2120 1092 2162 satze,
1130 2118 1195 2153 auf
1229 2117 1395 2153 welchen
1432 2118 1510 2152 Liv.
1556 2118 1627 2153 den
1667 2130 1722 2153 er-

981 2166 1163 2199 warteten
1190 2165 1398 2210 Gegensatz
1424 2164 1493 2199 mit
1517 2168 1636 2200 tamen
1655 2166 1723 2199 fol-

981 2222 1053 2256 gen
1078 2211 1174 2247 lasst.
1227 2212 1274 2246 So
1293 2211 1343 2246 ist
1362 2212 1416 2245 oft
1435 2223 1501 2246 vor
1525 2215 1643 2246 tamen
1663 2213 1722 2246 ein

980 2259 1262 2293 Koneessivsatz
1287 2270 1356 2292 nur
1380 2258 1623 2302 angedeutet:
1661 2259 1720 2301 27,

981 2309 1036 2348 31,
1070 2310 1090 2340 3
1121 2309 1444 2350 quantaecumque,
1477 2306 1519 2339 de
1543 2304 1722 2340 Romanis

979 2355 1099 2387 tamen
1129 2353 1311 2387 victoriae.
1340 2352 1373 2395 1,
1402 2355 1456 2395 17,
1482 2355 1502 2386 3
1535 2353 1576 2386 in
1606 2353 1721 2386 variis

979 2400 1226 2434 voluntatibus
1259 2399 1408 2443 reynari
1445 2402 1564 2433 tamen
1603 2409 1721 2434 omnes

982 2446 1153 2481 volebant.

1027 2496 1058 2526 5.
1085 2494 1135 2527 ad
1161 2492 1198 2528 Ο.
1236 2492 1460 2527 liberandam
1485 2492 1717 2537 obsidionem]

981 2555 1024 2568 =
1057 2540 1261 2574 solvendam
1292 2540 1519 2574 obsidionem.
1552 2538 1624 2583 vgl.
1658 2539 1719 2583 36,

982 2590 1039 2629 25,
1071 2590 1091 2620 6
1125 2587 1166 2620 in
1197 2586 1380 2620 obsidione
1411 2586 1612 2620 liberanda.
1639 2585 1719 2620 Liv.

980 2633 1128 2667 wendet
1165 2633 1318 2667 liberare
1355 2633 1449 2667 auch
1483 2633 1548 2667 auf
1581 2632 1720 2667 leblose

981 2679 1101 2724 Dinge
1115 2691 1162 2713 an
1176 2679 1250 2723 vgl.
1267 2679 1326 2721 10,
1348 2683 1404 2722 33,
1419 2683 1438 2713 5
1455 2679 1616 2713 liberatis
1630 2682 1720 2713 cast-

980 2726 1034 2759 ris
1053 2727 1210 2759 contenti
1219 2742 1262 2754 =
1272 2725 1509 2768 freimachen,
1522 2726 1719 2759 entsetzen.

1026 2771 1093 2816 ire]
1134 2782 1173 2806 er
1216 2771 1268 2805 sei
1312 2771 1349 2804 in
1387 2771 1605 2813 Anmarsch;
1650 2771 1719 2806 wie

981 2829 1009 2852 c.
1036 2821 1092 2860 26,
1113 2822 1134 2852 4
1159 2819 1278 2852 venire
1304 2834 1347 2846 =
1374 2829 1413 2852 er
1432 2817 1484 2852 sei
1503 2819 1718 2863 unterwegs,

981 2863 1040 2907 25,
1069 2868 1124 2906 34,
1152 2868 1171 2899 6
1198 2865 1390 2899 adventare
1416 2865 1490 2898 und
1516 2864 1716 2900 ahnliches.

1028 2912 1175 2955 deosque
1213 2911 1318 2956 alios]
1362 2912 1458 2946 alius
1496 2911 1627 2945 nimmia
1658 2911 1719 2946 bei
