2000 3338
181 1361 237 1402 25

246 141 302 183 52
706 139 852 175 LIBER
877 139 1007 174 XXVI.
1056 138 1146 174 CAP
1173 143 1228 174 24.
1255 142 1310 174 25.
1631 155 1656 173 a.
1675 155 1704 173 u.
1725 147 1788 174 543.

247 250 301 291 ab
316 248 486 291 Aetolia
500 246 721 300 incipienti
735 245 874 286 solum
887 246 1084 298 tectaque
1104 246 1148 285 et
1159 245 1271 286 muri
1284 258 1380 286 cum
1399 245 1514 300 agris
1528 244 1791 299 Aetolorum,

249 308 332 350 alia
358 306 494 348 omnis
525 303 684 359 praeda
714 302 862 357 populi
882 302 1067 344 Romani
1098 304 1226 356 esset,
1256 302 1488 357 darentque
1514 318 1688 358 operam
1706 303 1790 345 Ro-

179 377 220 407 12
247 365 382 417 mani,
419 366 467 404 ut
498 361 788 404 Acarnaniam
819 360 965 402 Aetoli
1001 360 1224 415 haberent3
1266 360 1303 401 si
1333 360 1478 402 Aetoli
1514 376 1660 416 pacem
1696 376 1792 404 cum

245 423 443 476 Philippo
475 421 680 474 facerent,
709 419 872 461 foederi
904 419 1213 472 adscriberent,
1250 419 1312 460 ita
1342 421 1482 460 ratam
1511 419 1603 462 fore
1633 435 1793 474 pacem,

247 482 282 523 si
301 480 525 535 Philippus
561 493 680 521 arma
712 478 764 520 ab
785 478 990 519 Romanis
1017 477 1228 532 sociisque
1261 477 1414 532 quique
1441 491 1586 519 eorum
1617 478 1793 521 dicionis

179 552 219 582 13
247 541 388 581 essent
420 538 716 591 abstinuisset3
755 537 877 590 item,
914 536 951 578 si
987 537 1167 591 populus
1199 535 1417 577 Romanus
1447 535 1618 578 foedere
1648 537 1794 592 iunge-

245 600 362 640 retur
393 598 502 653 regi,
533 599 582 638 ut
612 598 798 650 caveret,
829 610 883 637 ne
914 595 980 637 ius
1013 597 1052 636 ei
1083 594 1188 636 belli
1219 594 1426 636 inferendi
1452 594 1616 636 Aetolis
1649 596 1792 637 sociis-

179 667 222 698 14
247 671 327 711 que
353 671 499 698 eorum
525 658 647 697 esset.
696 655 800 696 haec
821 656 1126 707 convenerunt,
1152 654 1474 708 conscriptaque
1499 653 1672 695 biennio
1697 657 1796 708 post

248 715 473 770 Olympiae
518 715 571 756 ab
614 713 801 766 Aetolis,
845 713 890 753 in
928 711 1143 766 Capitolio
1188 712 1241 753 ab
1279 711 1505 762 Romanis,
1549 714 1597 753 ut
1637 713 1798 753 testata

178 786 220 816 15
248 774 427 816 sacratis
459 771 747 814 monumentis
774 773 934 825 essent,
966 773 1065 812 sunt
1096 771 1249 825 posita.
1299 785 1444 813 morae
1471 785 1600 812 causa
1630 769 1799 812 fuerant

245 832 401 874 retenti
432 831 594 872 Romae
633 829 792 871 diutius
830 804 964 883 lega'ti
1000 829 1264 871 Aetolorum.
1323 844 1401 871 nec
1438 832 1584 871 tamen
1621 828 1798 883 impedi-

246 893 392 932 mento
424 890 466 930 id
492 889 618 930 rebus
651 887 847 944 gerendis
878 887 978 928 fuit:
1011 889 1053 928 et
1071 887 1217 929 Aetoli
1243 888 1455 942 extemplo
1480 890 1706 930 moverunt
1731 887 1800 929 ad—

247 963 395 991 versus
433 948 679 1002 Philippum
723 946 902 1000 bellum,
941 948 983 987 et
1020 945 1231 988 Laevinus
1269 945 1536 1001 Zacynthum
1572 971 1629 976 —
1667 961 1800 1001 parva

246 1008 388 1050 insula
426 1010 489 1048 est
524 1006 766 1061 propinqua
796 1004 1010 1059 Aetoliae,
1046 1005 1195 1046 urbem
1233 1019 1362 1046 unam
1398 1005 1546 1047 eodem
1583 1019 1667 1060 quo
1705 1005 1801 1060 ipsa

249 1069 315 1108 est
344 1066 515 1108 nomine
547 1066 678 1107 habet
710 1089 764 1093 —
799 1078 893 1105 eam
923 1065 1094 1118 praeter
1125 1077 1265 1105 arcem
1299 1063 1342 1104 vi
1373 1064 1485 1118 cepit
1516 1066 1559 1105 et
1589 1063 1800 1106 Oeniadas

180 1137 222 1167 16
248 1124 494 1179 Nasumque
533 1124 807 1166 Acarnanum
850 1125 998 1177 captas
1039 1122 1206 1164 Aetolis
1250 1122 1500 1175 contribuit3
1542 1121 1803 1176 Philippum-

250 1198 330 1238 que
357 1183 462 1225 satis
488 1183 756 1237 implicatum
781 1182 893 1223 bello
919 1181 1099 1223 finitimo
1125 1184 1260 1235 ratus,
1290 1196 1343 1223 ne
1362 1180 1533 1222 Italiam
1553 1180 1802 1235 Poenosque

249 1245 292 1284 et
328 1244 455 1297 pacta
491 1256 587 1284 cum
623 1240 867 1282 Hannibale
904 1243 1051 1294 posset-
1087 1240 1315 1295 respicere,
1360 1238 1595 1294 Corcyram
1629 1239 1721 1294 ipse
1758 1253 1804 1281 se

251 1301 422 1356 recepit.

369 1359 570 1424 Philippo
604 1357 855 1401 Aetolorum
887 1358 1066 1400 defectio
1098 1357 1241 1399 Pellae
1279 1357 1523 1399 hibernanti
1555 1356 1698 1398 adlata
1729 1358 1804 1398 est.

250 1419 411 1473 itaque,
455 1418 556 1472 quia
586 1418 724 1471 primo
757 1431 854 1458 vere
886 1419 1079 1459 moturus
1111 1416 1341 1458 exercitum
1371 1417 1418 1457 in
1450 1415 1672 1457 Graeciam
1702 1418 1805 1469 erat,

205 1489 225 1518 2
253 1480 300 1519 ut
325 1477 494 1531 Illyrios
526 1476 813 1531 finitimasque
845 1476 906 1517 eis
937 1476 1063 1517 urbes
1097 1475 1149 1517 ab
1181 1478 1302 1541 tergo
1335 1477 1451 1517 metu
1482 1475 1647 1529 quietas
1666 1473 1804 1516 Mace-

252 1536 380 1578 donia
428 1535 625 1589 haberet,
674 1534 988 1589 expeditionem
1039 1534 1226 1576 subitam
1276 1534 1322 1575 in
1364 1533 1634 1576 Oricinorum
1677 1535 1805 1588 atque

253 1594 596 1650 Apolloniatium
615 1569 731 1635 'fines
763 1593 865 1635 fecit
897 1607 1177 1648 egressosque
1201 1592 1500 1647 Apolloniatas
1526 1606 1622 1634 cum
1647 1605 1804 1647 magno

208 1665 228 1696 3
254 1658 417 1696 terrore
463 1668 510 1695 ac
555 1667 712 1708 pavore
753 1652 959 1708 compulit
1002 1652 1115 1693 intra
1158 1666 1316 1693 muros.
1374 1651 1556 1693 vastatis
1599 1650 1805 1706 proximis

210 1840 214 1843 ,
300 1806 344 1840 ab
395 1806 472 1840 Aet.
526 1804 738 1849 incipienti]
806 1804 876 1838 Zur
925 1803 991 1838 Be-

254 1852 458 1896 zeichnung
493 1851 558 1886 der
588 1850 886 1886 Beschaffenheit
918 1851 993 1885 und

252 1899 450 1935 besonders
481 1898 544 1934 bei
571 1898 751 1943 Angaben
783 1908 856 1932 von
881 1897 994 1933 Orten

254 1947 354 1982 steht
377 1946 438 1981 bei
462 1945 526 1980 lat.
554 1944 845 1980 Schriftstellern
867 1945 996 1990 (sehon

253 1994 400 2036 Caesar,
419 1992 523 2027 nicht
542 1993 630 2028 aber
650 1991 789 2035 Cicero)
807 1991 871 2027 der
884 1992 995 2027 Dativ

252 2041 317 2076 des
340 2041 438 2075 Part.
459 2039 624 2075 Prasent.
649 2039 746 2074 nach
771 2039 996 2074 bekanntem

253 2087 509 2132 griechischen
541 2087 752 2132 Vorgange.
803 2097 832 2121 c.
861 2090 921 2129 38,
953 2090 996 2121 10

254 2135 403 2170 liberius
421 2134 581 2178 finyenti.
621 2133 682 2176 32,
710 2137 765 2175 32,
787 2137 806 2167 8
839 2134 997 2168 monenti

255 2203 297 2207 -
319 2181 499 2217 decedenti
524 2183 616 2226 (sog.
651 2180 806 2215 Dativus
826 2180 996 2215 determi-

255 2229 427 2272 nativus).

302 2276 416 2311 solum
442 2278 599 2320 tectaque
623 2278 655 2309 et
679 2274 791 2319 muri]
819 2273 883 2309 das
909 2274 996 2309 Ver-

256 2322 443 2358 werfliche
471 2322 535 2357 des
560 2321 781 2356 Verfahrens
813 2321 905 2366 liegt
936 2321 998 2356 be—

256 2370 404 2405 sonders
442 2369 564 2413 darin,
605 2368 682 2403 dass
720 2368 779 2403 die
817 2368 998 2403 Griechen

257 2428 297 2452 so
334 2417 413 2451 ihre
451 2416 605 2461 eigenen
642 2415 998 2461 kriegsgefangenen

255 2463 481 2499 Laudsleute
507 2463 570 2498 der
590 2463 796 2498 romischen
810 2462 999 2498 Sklaverei

255 2511 604 2546 fiberantworteten.

306 2567 360 2598 14.
390 2562 578 2608 Olympiae
598 2583 641 2588 —
661 2563 702 2597 in
723 2562 918 2608 Capitolio]
939 2562 998 2597 die

256 2610 496 2655 Aufstellung
521 2621 593 2645 von
618 2609 823 2655 vertragen
851 2621 898 2644 an
925 2610 998 2644 hei-

257 2658 358 2703 ligen
396 2656 509 2692 Orten
546 2657 595 2692 ist
635 2657 719 2691 sehr
754 2656 998 2701 gewbhnlich.

257 2705 318 2749 38,
348 2709 405 2746 33,
431 2710 452 2739 9
483 2705 609 2747 foedus
633 2704 727 2749 qaod
746 2705 786 2738 in
807 2704 1000 2748 Capitolio,

257 2753 352 2796 quod
367 2752 564 2797 Olympiae,
585 2752 680 2796 quod
699 2753 739 2785 in
754 2762 835 2786 arce
848 2752 1000 2787 Athenis

258 2803 441 2834 sacratum
466 2799 602 2842 suisset.

311 2855 361 2886 15.
376 2863 494 2887 morae
507 2852 634 2897 eausa]
651 2852 698 2886 ist
715 2863 776 2886 zur
791 2851 998 2897 Erkliirung

260 2909 329 2933 von
364 2899 506 2933 biennio
536 2902 615 2943 post
645 2899 902 2944 hinzugefi‘igt:
935 2899 998 2934 der

1066 1803 1191 1839 Grund
1217 1814 1260 1837 zu
1286 1802 1403 1838 dieser
1422 1803 1553 1847 spaten
1572 1801 1809 1848 Aufstellung

1065 1862 1141 1886 war
1161 1850 1224 1885 der
1243 1849 1435 1893 Umstand,
1455 1848 1534 1884 dass
1558 1870 1613 1883 —.
1638 1849 1808 1884 Vermut-

1064 1898 1141 1932 lich
1153 1897 1255 1932 blieb
1269 1896 1328 1931 die
1343 1896 1630 1932 Gesandtschaft
1644 1907 1683 1932 so
1698 1896 1809 1942 lange

1066 1945 1104 1980 in
1123 1944 1218 1980 Rom
1244 1955 1309 1979 aus
1330 1943 1527 1979 ahnlichen
1547 1943 1721 1979 Grfinden
1740 1943 1809 1979 wie

1067 1991 1127 2035 36,
1154 1996 1210 2035 26,
1238 1996 1257 2027 6
1300 1995 1341 2026 ut
1367 1994 1511 2026 exactor
1530 2001 1702 2036 praesens
1721 2001 1809 2036 pro-

1067 2040 1256 2081 missorum
1281 2039 1426 2073 adesset.

1118 2091 1172 2121 15.
1190 2086 1372 2121 Oeniadas
1388 2085 1612 2131 Nasumque]
1634 2084 1809 2130 wichtige

1070 2133 1281 2178 Festungen
1305 2132 1571 2167 Akarnanieus.

1116 2180 1377 2225 Acarnanum]
1408 2179 1466 2214 die
1493 2179 1628 2214 nabere
1654 2178 1809 2214 Bestim-

1070 2239 1156 2261 mun
1215 2227 1279 2262 der
1305 2227 1405 2271 Lage
1436 2226 1535 2261 eines
1562 2225 1668 2261 Ortes
1695 2225 1811 2261 durch

1071 2274 1142 2309 den
1189 2273 1301 2308 enitiv
1322 2273 1385 2308 des
1399 2273 1557 2308 Lander-
1577 2273 1666 2308 oder
1680 2271 1811 2308 Volks·

1070 2332 1221 2356 nameus
1252 2320 1366 2355 findet
1397 2320 1474 2355 sich
1506 2320 1566 2355 bei
1597 2319 1675 2355 Liv.
1706 2319 1811 2355 nicht

1071 2368 1206 2412 selten,
1239 2368 1333 2403 doch
1368 2368 1542 2403 meisteus
1574 2367 1633 2402 bei
1666 2366 1811 2402 anelan-

1071 2397 1223 2450 dische’n
1261 2414 1373 2449 Orten
1410 2415 1505 2449 nach
1543 2414 1811 2460 griechischem

1071 2462 1258 2497 Voxbilde.
1292 2462 1353 2501 ..ἲ
1379 2466 1435 2504 30,
1457 2465 1475 2497 7
1504 2461 1706 2497 Chalcidem
1732 2461 1811 2496 Eu-

1071 2510 1184 2545 boeae
1222 2509 1288 2552 31,
1321 2514 1383 2553 45,
1422 2513 1462 2544 15
1495 2509 1544 2544 ad
1576 2507 1811 2544 Cana-stream

1074 2557 1250 2592 Pallenes.

1118 2616 1178 2659 25,
1208 2621 1236 2651 1.
1275 2615 1444 2660 desectio]
1483 2613 1695 2659 „Friedens-
1724 2613 1812 2649 oder

1072 2662 1405 2707 Vertragsbruch“;
1429 2662 1480 2697 sie
1501 2662 1630 2697 hatten
1649 2662 1724 2696 erst
1744 2665 1809 2696 217

1071 2711 1140 2746 mit
1165 2710 1241 2744 ihm
1266 2709 1422 2745 Frieden
1448 2708 1692 2754 geschlossen.

1118 2762 1150 2792 2.
1177 2757 1321 2802 cyressi]
1354 2756 1501 2791 absolut
1528 2772 1570 2784 =
1595 2755 1810 2790 auuflcken.

1071 2816 1100 2839 c.
1117 2808 1172 2846 39,
1187 2808 1232 2839 20
1252 2804 1301 2838 ad
1319 2806 1489 2848 quattuor
1508 2803 1611 2838 milia
1628 2803 1811 2838 hominum

1070 2852 1326 2894 smnnentatum
1343 2861 1488 2895 cyre-ssa.
1513 2853 1657 2892 c.2·1,16
1671 2850 1811 2885 obviam

1070 2899 1226 2943 eqressis.
1277 2897 1341 2937 ⁶29,
1369 2902 1432 2938 34,
1461 2901 1499 2932 11
1529 2909 1550 2932 u
1576 2909 1601 2931 a.
1630 2909 1673 2931 w.
