2000 3338
137 197 378 224 2.c111.n.211.
620 186 765 221 LIBER
789 186 917 222 XXVI.
970 186 1070 222 CAP.
1100 191 1152 223 14.
1181 192 1236 222 15.
1625 187 1678 229 31

135 295 326 337 Teanum
358 294 497 348 missi,
529 309 708 348 quorum
740 294 790 335 de
823 295 1034 336 sententia
1064 295 1246 337 maxime
1278 295 1483 337 descitum
1515 296 1568 338 ab
1596 296 1681 337 Ro-

134 354 272 396 manis
304 353 540 395 constabat.
590 352 639 393 de
672 353 879 407 supplicio
912 351 1119 408 Campani
1151 356 1322 396 senatus
1353 354 1681 409 haudquaquam
1699 353 1754 396 15

134 413 246 454 inter
281 411 480 453 Fulvium
518 410 824 466 Claudiumque
869 412 1165 454 conveniebat:
1207 412 1346 454 facilis
1388 413 1680 467 impetrandae

133 471 280 512 veniae
312 469 531 524 Claudius,
568 469 717 512 Fulvio
755 470 900 511 durior
930 471 1142 511 sententia
1173 474 1275 512 erat.
1337 471 1480 525 itaque
1511 471 1680 526 Appius
1706 482 1726 512 2

133 528 315 571 Romam
353 529 405 570 ad
443 531 638 570 senatum
676 528 898 570 arbitrium
937 528 1025 568 eius
1061 529 1122 569 rei
1159 531 1299 569 totum
1330 530 1550 571 reiciebat:
1588 544 1680 584 per·
1706 541 1726 571 3

134 587 360 629 cunctandi
398 588 528 629 etiam
566 601 744 641 aequum
783 600 873 627 esse
910 588 1166 651 potestatem
1204 587 1294 627 fieri
1330 587 1542 641 patribus,
1579 603 1681 630 num

133 646 518 688 communicassent
550 644 730 686 consilia
761 658 855 684 cum
887 643 1040 698 aliquis
1073 644 1286 686 sociorum
1317 644 1461 686 Latini
1494 647 1680 687 nominis

134 702 521 760 (municipiorum),
553 705 595 744 et
625 716 729 743 num
761 716 838 756 ope
871 716 1017 743 eorum
1048 702 1092 744 in
1123 703 1235 744 bello
1266 703 1409 745 forent
1440 704 1586 746 adiuti,
1638 705 1681 745 id

131 777 231 805 vero
257 764 430 804 minime
457 759 808 803 committendum
834 775 925 802 esse
945 760 1118 802 Fulvius
1145 762 1300 815 dicere,
1330 765 1378 804 ut
1403 763 1680 804 sollicitaren-
1706 774 1728 804 4

132 826 202 863 tur
233 821 478 863 criminibus
511 819 649 860 dubiis
683 819 895 860 sociorum
925 819 1113 861 fidelium
1153 821 1284 862 animi
1315 824 1358 862 et
1392 821 1682 863 subicerentur

131 880 359 932 indicibus,
392 879 502 933 quis,
533 891 658 931 neque
687 878 786 930 quid
815 879 1002 929 dicerent,
1033 893 1168 933 neque
1202 879 1301 934 quid
1331 880 1536 934 facerent,
1569 881 1680 935 quic-

131 952 257 993 quam
293 952 494 992 umquam
531 937 653 991 pensi
689 936 856 978 fuisset:
895 937 1039 992 itaque
1078 952 1122 979 se
1154 952 1247 979 eam
1285 939 1577 993 quaestionem
1610 954 1681 994 op-

129 1010 376 1051 pressurum
398 995 799 1049 exstincturumque.
825 996 878 1037 ab
897 996 978 1038 1100
996 1010 1188 1038 sermone
1210 1011 1305 1038 cum
1325 997 1506 1052 digressi
1527 1002 1680 1052 essent,
1706 1008 1726 1040 5

129 1057 172 1097 et
188 1054 355 1108 Appius
389 1054 582 1110 quamvis
615 1054 813 1096 ferociter
844 1055 1087 1110 loquentem
1113 1055 1323 1111 collegam
1354 1070 1439 1097 non
1465 1056 1681 1098 dubitaret

986 1159 1105 1202 forent
1131 1160 1267 1205 adiuti]
1295 1161 1387 1194 statt
1411 1163 1522 1194 essent
1542 1160 1663 1195 adiuti
1671 1174 1678 1202 3

940 1206 1079 1241 sowohl
1104 1206 1173 1241 mit
1201 1207 1299 1241 Part.
1325 1207 1420 1242 Pers.
1446 1207 1599 1250 Passi‘vi,
1625 1207 1679 1242 als

938 1252 1036 1288 Part.
1057 1253 1140 1288 Fut.
1155 1253 1280 1288 Activi
1298 1266 1333 1289 11.
1346 1254 1444 1289 Pass.
1463 1254 1681 1289 bezeichnet

938 1300 1025 1343 fore,
1046 1301 1138 1343 foret
1158 1300 1212 1335 oft
1232 1300 1420 1336 einerseits
1441 1301 1504 1336 das
1519 1301 1680 1335 Werden

938 1347 1015 1381 und
1045 1347 1104 1382 die
1134 1348 1397 1393 Entwicklung
1428 1347 1528 1382 einer
1553 1347 1680 1382 Hand-

129 1159 359 1205 gefangenen
385 1158 532 1194 werden
558 1158 611 1193 oft
636 1157 692 1192 bis
719 1170 783 1192 zur
802 1158 868 1193 Be-

128 1206 316 1252 endigung
346 1206 443 1240 ihres
475 1205 669 1240 Processes
699 1204 867 1240 1101101111-

129 1253 240 1288 deten
255 1252 410 1287 Stadten
430 1265 492 1287 zur
507 1252 741 1296 Bewachung
761 1253 866 1287 uber—

129 1301 258 1346 gcben.
271 1300 331 1343 24,
349 1304 402 1343 19,
417 1304 456 1334 11
480 1300 744 1344 oppidanorum
757 1300 867 1334 turba

125 1358 192 1392 per
216 1348 389 1390 finitimos
416 1347 572 1391 populos
601 1347 643 1380 in
667 1347 866 1381 custodiam

128 1395 247 1429 divisa
265 1394 326 1438 30,
343 1398 396 1436 17,
414 1393 673 1438 2(Syphacem)
692 1394 732 1427 in
753 1398 865 1428 custo-

129 1442 228 1476 diam
247 1442 378 1476 Albam
403 1440 614 1475 mittendum
641 1444 863 1476 censuerunt.

175 1488 360 1533 descitum]
399 1487 523 1532 passiv
561 1487 636 1521 und
666 1491 865 1532 unperson-

127 1535 214 1570 lich.
255 1535 291 1579 9,
331 1539 385 1577 16,
424 1537 444 1568 8
479 1534 609 1578 quibus
645 1535 772 1569 invitis
810 1535 865 1569 de-

128 1583 257 1617 scitum
281 1582 329 1618 ad
356 1581 535 1616 Samnites
560 1585 647 1617 ‹zv-,at

175 1628 342 1673 c.15,1.
363 1628 500 1674 facilis]
523 1628 688 1673 gefallig,
708 1627 866 1663 willfah-

125 1675 194 1720 rig,
232 1676 371 1711 sowohl
410 1675 480 1710 mit
522 1676 606 1710 dem
650 1675 760 1710 Dativ
803 1675 867 1711 der

128 1722 262 1766 sache,
288 1723 347 1757 ffir
371 1723 511 1757 welche
542 1733 629 1756 man
652 1723 864 1768 wissffihrig,

126 1769 181 1804 als
200 1751 270 1804 mi't
288 1770 373 1804 dem
391 1770 503 1804 Dativ
523 1769 588 1804 der
607 1770 754 1813 Person,
779 1770 866 1805 wel—

127 1815 214 1851 cher
238 1828 324 1851 man
343 1816 499 1861 gefallig
523 1817 584 1860 ist,
610 1817 683 1861 vgl.
711 1817 805 1852 auch
831 1817 865 1861 3,

126 1867 182 1907 36,
216 1866 236 1896 2
268 1864 545 1907 colloquentibus
576 1863 786 1906 difficilis.
822 1885 865 1889 —

125 1910 200 1945 Der
215 1910 421 1955 Gegensatz
434 1910 615 1945 zwischen
627 1911 778 1946 Fulvius
792 1911 867 1946 und

127 1956 300 1991 Claudius
326 1957 417 1992 wird
442 1957 557 1992 durch
578 1956 770 1992 Chiasmus
792 1959 867 1992 und

126 2003 340 2047 Asyndeton
366 2005 577 2049 gesteigert.

174 2055 205 2086 2.
221 2051 414 2086 arbitrium
428 2080 434 2086 .
449 2078 455 2084 .
469 2080 475 2086 .
488 2051 671 2098 reiciebat]
686 2053 814 2086 reicere
823 2069 866 2081 =

125 2097 185 2132 die
205 2097 483 2143 Entscheidung
504 2098 596 2133 fiber
615 2099 727 2134 etwas
748 2109 792 2133 311
808 2099 866 2134 die

124 2144 262 2179 116110το
281 2145 425 2180 Instanz
444 2145 658 2188 verweisen,
678 2145 867 2181 bisweilen

124 2202 198 2244 von
217 2191 373 2237 Dingen,
391 2192 431 2226 in
451 2192 571 2227 denen
589 2204 675 2227 man
695 2192 764 2227 mit
783 2193 866 2228 dem

125 2237 280 2284 eigcnen
315 2239 434 2274 Urteil
472 2250 562 2284 geru
599 2240 866 2276 zurfickhalten

123 2285 284 2321 mochte.
323 2297 351 2320 0.
385 2290 447 2330 34,
488 2290 530 2320 12
566 2287 615 2332 ad
646 2288 863 2331 pontificum

125 2332 309 2376 colleqium
351 2334 488 2368 reicere.
559 2325 721 2368 Ᾰ111111011
769 2335 863 2369 311011

126 2389 156 2413 0.
173 2382 228 2423 15,
243 2382 262 2413 9
289 2380 432 2422 differri
450 2391 522 2415 rem
542 2382 591 2415 ad
604 2385 747 2425 patres3
768 2382 863 2416 auch

125 2425 285 2470 deleyare
310 2427 375 2467 ad3
400 2427 475 2460 und
501 2427 562 2471 39,
589 2431 645 2472 29,
666 2432 685 2462 2
713 2430 862 2474 coyniti-

125 2482 225 2507 onem
249 2475 424 2507 reservari
447 2476 599 2509 senatui.
625 2495 671 2500 —
689 2475 762 2510 Das
793 2476 864 2510 Im-

124 2519 334 2564 perfektum
359 2518 429 2554 wie
455 2531 484 2554 0.
511 2524 545 2563 8,
572 2525 603 2555 2.

171 2569 204 2601 3.
211 2567 461 2612 percunctari]
473 2568 664 2611 verhoren,
676 2568 864 2605 officieller

124 2613 332 2656 Terminus3
359 2613 433 2658 vgl.
455 2614 489 2657 6,
511 2618 566 2658 13,
587 2617 607 2649 8
623 2620 862 2659 percunctan-

124 2661 220 2742 ἔξω
233 2661 457 2704 primoribus
470 2664 630 2705 patrum.
652 2662 697 2697 ib.
715 2673 743 2696 c.
760 2666 815 2706 25,
832 2668 862 2698 1.

176 2735 185 2751 ,
209 2710 266 2750 49,
293 2711 346 2742 11.

171 2754 304 2799 aliquis
330 2771 373 2784 =
405 2755 608 2800 aliquibu33
640 2755 747 2791 beide
774 2756 861 2791 For-

123 2811 208 2835 men
224 2801 305 2836 sind
318 2801 523 2839 livianisch.
557 2804 700 2848 aliquis.
717 2813 744 2837 0.
761 2806 817 2846 49,
830 2808 861 2838 6.

124 2847 198 2892 vgl.
224 2849 319 2883 311011
345 2852 364 2891 ξ
390 2852 423 2883 4.
450 2850 530 2894 quis
561 2851 635 2885 und
661 2849 720 2892 22,
749 2854 803 2893 13,
830 2854 862 2885 4.

125 2895 307 2938 aliquibus
325 2896 555 2940 principum3
581 2896 805 2932 namentlich
825 2896 863 2932 in

125 2941 189 2976 der
201 2941 320 2976 Form:
333 2943 373 2977 in
385 2944 465 2987 quis
475 2944 583 2987 (auch
598 2943 684 2979 Sall.
694 2944 864 2988 u.Taeit.)

938 1394 1028 1439 lung
1054 1395 1097 1437 (c.
1118 1398 1174 1438 26,
1197 1399 1237 1429 11
1259 1395 1376 1437 forent
1394 1395 1547 1439 passuri
1562 1412 1606 1424 =
1627 1395 1679 1429 sie

937 1441 1089 1476 wfirden
1116 1441 1207 1476 dazu
1234 1442 1418 1484 kommen,
1444 1442 1563 1477 bereit
1588 1441 1680 1486 sein)

938 1488 1194 1529 andererseits,
1215 1488 1279 1523 das
1291 1489 1482 1524 Eintreten
1498 1489 1597 1524 eines
1612 1489 1680 1523 Zu-

939 1535 1100 1580 standes,
1119 1536 1193 1580 vgl.
1217 1547 1245 1570 c.
1263 1540 1316 1579 17,
1333 1540 1352 1570 5
1380 1537 1412 1571 si
1430 1537 1514 1572 inde
1533 1537 1680 1571 emissus

937 1583 1038 1625 foret.
1066 1594 1093 1617 0.
1122 1587 1184 1626 21,
1213 1587 1232 1618 3
1271 1584 1410 1618 decreta
1439 1585 1551 1627 foret‚·
1582 1583 1680 1618 hier:

941 1629 1002 1664 ‘ob
1042 1629 1093 1664 sie
1132 1630 1170 1664 in
1213 1630 1271 1664 die
1315 1631 1416 1675 Lage
1460 1631 1681 1675 gekommen

939 1680 1080 1720 waren,
1125 1677 1416 1722 Unterstfitzung
1458 1677 1680 1723 empfangen

938 1736 981 1758 zu
1006 1724 1154 1759 haben’.

986 1787 1018 1817 4.
1044 1783 1202 1817 subicere
1227 1783 1425 1829 indicibus]
1447 1783 1678 1829 preisgeben,

938 1829 1237 1865 widerstandslos
1264 1830 1498 1873 blosstellen;
1532 1830 1602 1865 wie
1627 1830 1679 1865 im

940 1877 1187 1922 eigentlichen
1220 1876 1329 1913 Sinne
1368 1889 1397 1912 0.
1433 1882 1492 1921 13,
1526 1882 1567 1912 15
1607 1888 1678 1912 cer-

939 1925 1048 1958 vicem
1072 1925 1208 1966 securi3
1241 1924 1315 1970 vgl.
1343 1936 1372 1960 0.
1399 1928 1455 1967 49,
1482 1929 1502 1960 8
1535 1925 1678 1960 servitio

938 1971 1116 2006 subiectus
1141 1970 1207 2014 30,
1228 1975 1289 2015 31,
1310 1975 1329 2006 6
1350 1972 1508 2006 subiecta
1524 1972 1678 2008 casibus.

986 2041 1096 2074 neque
1120 2031 1208 2074 quid
1233 2030 1403 2075 dicerent]
1425 2042 1486 2064 zur
1504 2029 1677 2065 Bezeich-

939 2088 1040 2122 nung
1072 2077 1282 2121 ganzlicher
1314 2076 1679 2122 Gewissenlosigkeit

939 2125 1035 2158 noch
1072 2124 1132 2166 34,
1165 2128 1221 2168 49,
1256 2129 1285 2159 7.
1318 2125 1379 2159 sed
1402 2125 1477 2159 illis
1502 2136 1565 2159 nee
1589 2125 1679 2169 quid

939 2171 1106 2213 dicerent,
1130 2182 1190 2206 nec
1203 2172 1291 2216 quid
1303 2172 1472 2214 facerent,
1486 2173 1678 2216 quicquam

938 2229 1100 2262 unquam
1120 2220 1228 2263 pensi
1252 2220 1374 2262 fuisse,
1407 2219 1487 2253 ebd.
1517 2230 1546 2253 0.
1572 2223 1629 2261 31,
1656 2222 1675 2253 3

938 2266 1026 2310 quid
1050 2265 1225 2308 faceretis,
1250 2266 1371 2301 minus
1389 2267 1496 2310 pensi
1515 2276 1583 2300 esse
1602 2276 1677 2301 non

935 2324 1099 2347 mirarer.

979 2375 1010 2406 5.
1020 2372 1063 2406 ab
1077 2372 1142 2407 hoc
1150 2372 1321 2418 sermone]
1332 2371 1571 2406 unmittelbar
1581 2372 1676 2406 nach

937 2418 1075 2453 diesem
1107 2418 1327 2464 Gespr'ache.
1379 2419 1422 2454 ab
1461 2419 1677 2454 bezeichnet

935 2465 1082 2500 zeitlich
1117 2466 1187 2500 den
1217 2466 1357 2511 Punkt,
1392 2477 1464 2501 von
1498 2466 1675 2501 welchem

936 2512 1016 2547 eine
1046 2513 1246 2558 Handlung
1276 2513 1434 2558 ausgeht
1465 2513 1551 2548 oder
1579 2513 1675 2547 nach

935 2560 1113 2594 welchem
1140 2560 1191 2595 sic
1211 2560 1249 2595 in
1269 2560 1548 2595 unmittelbarer
1560 2560 1675 2605 Folge

936 2606 1076 2642 eintritt
1094 2607 1166 2652 vgl.
1189 2607 1247 2650 22,
1262 2611 1318 2651 40,
1333 2612 1354 2642 4
1374 2607 1418 2642 ab
1438 2608 1502 2642 hoc
1519 2618 1676 2642 sermone

929 2654 1131 2696 profectum
1157 2666 1190 2688 u.
1219 2654 1282 2689 oft.

981 2721 1055 2745 non
1089 2712 1285 2758 dubitaret]
1324 2724 1398 2748 non
1428 2713 1577 2747 dubium
1615 2715 1674 2755 est,

935 2767 1008 2792 non
1033 2758 1157 2793 dubito
1189 2759 1264 2793 und
1295 2759 1353 2794 die
1385 2759 1544 2794 anderen
1578 2758 1674 2794 hier-

934 2803 1000 2838 her
1019 2804 1220 2849 geh'c'vrigen
1238 2806 1453 2840 Ausdriicke
1473 2806 1593 2840 haben
1612 2805 1675 2841 bei

935 2851 1015 2887 Liv.
1042 2852 1125 2886 sehr
1151 2851 1203 2886 oft
1229 2852 1298 2887 den
1323 2853 1493 2888 Infinitiv.
1532 2852 1617 2898 Vgl.
1644 2864 1672 2887 0.

938 2902 992 2941 27,
1013 2901 1044 2934 5.
1073 2910 1134 2934 nec
1151 2899 1220 2933 ulli
1238 2899 1388 2934 dubium
1407 2903 1494 2943 erat,
1513 2900 1674 2935 humana

937 2946 977 2980 id
1001 2946 1132 2989 fraude
1156 2946 1292 2989 factum
1318 2957 1398 2982 esse.
