2000 3338
157 186 185 205 a.
207 178 272 205 Chr.
291 186 321 204 n.
343 179 403 203 210.
663 168 806 203 LIBER
831 167 960 203 XXVI.
1010 168 1111 203 CAP.
1140 171 1194 202 51.
1622 167 1702 208 109

160 290 288 330 quam
318 278 366 316 ut
395 275 485 330 tegi
516 290 564 317 ac
596 275 857 316 dissimulari
887 277 1052 329 posset,
1084 275 1310 316 elevabant
1340 275 1498 316 verbis:
1535 276 1704 330 necopi-

161 336 264 376 nato
291 334 474 375 adventu
499 348 548 375 ac
578 348 710 388 prope
740 333 854 375 furto
880 334 1005 375 unius
1033 333 1115 374 diei
1145 334 1293 375 urbem
1318 348 1446 375 unam
1470 332 1703 388 Hispaniae

158 393 458 447 interceptam3
489 392 607 434 cuius
638 393 700 433 rei
731 394 821 433 tam
852 406 1008 447 parvae
1039 393 1229 446 praemio
1260 393 1418 433 elatum
1448 392 1704 434 insolentem

159 451 357 492 iuvenem
381 451 607 492 immodico
628 451 782 506 gaudio
803 451 985 504 speciem
1005 464 1185 505 magnae
1207 451 1408 492 victoriae
1433 451 1704 505 imposuisse;

159 511 205 550 at
235 510 310 551 ubi
342 509 678 564 appropinquare
723 512 809 550 tres
842 509 985 562 duces,
1021 511 1108 549 tres
1147 509 1328 549 victores
1366 509 1555 550 hostium
1591 524 1704 551 exer-

159 568 268 610 citus
301 568 504 621 audisset,
536 581 804 609 occursuram
836 567 873 607 ei
905 567 1114 620 extemplo
1147 565 1475 608 domesticorum
1506 567 1704 609 funerum

158 627 420 668 memoriam.
462 626 602 667 haec'
590 640 636 666 1n
663 625 814 691 vulgus
840 624 1069 677 iactabant,
1095 624 1458 690 haudquaquam
1446 625 1529 679 ipsi
1554 626 1703 681 ignari,

158 688 365 740 quantum
397 684 478 726 sibi
510 684 561 724 ad
593 683 737 724 omnia
767 682 921 723 virium
954 657 1214 737 Carthagine
1253 683 1410 725 amissa
1444 683 1704 726 decessisset.

210 815 261 846 12.
291 821 405 856 prope
439 811 539 853 furto
571 830 613 834 —
646 809 893 854 interceptam]
968 809 1081 844 durch
1103 809 1277 844 masslose
1296 810 1438 845 Freude
1463 810 1703 857 hingerissen‚

158 871 201 893 zu
232 859 332 902 furto
357 869 388 892 c.
413 860 475 900 39,
504 860 563 899 113
597 856 661 891 das
692 856 775 890 Bild
807 867 894 890 vom
968 856 1037 890 den
1062 856 1248 891 Auschein
1273 856 1371 891 eines
1405 841 1553 902 grossen
1579 858 1703 903 Sieges

156 905 297 948 furtum
321 903 414 938 wird
439 903 477 938 in
507 904 740 948 interceptam
770 903 894 937 beibe-
966 903 1156 948 gegeben!

158 951 317 993 halten3‘
337 950 423 995 eig.:
461 951 760 995 unterschlagen,
796 961 894 995 weg·
1017 954 1069 985 13.
1101 961 1333 985 occursuram
1369 952 1588 997 memoriam]
1623 952 1701 987 Liv.

156 998 350 1043 gefangen.
377 997 436 1040 39,
451 1001 508 1042 27,
524 1001 543 1031 2
564 1008 627 1032 ‘nec
645 1008 750 1032 suum
763 1008 895 1032 munus
967 998 1051 1041 sagt
1075 998 1233 1032 occurrit
1257 997 1332 1031 und
1359 1000 1539 1032 succurrit
1565 1000 1704 1043 aliquid

154 1045 326 1089 intercipi
351 1044 395 1079 ab
422 1045 496 1079 alio
515 1045 695 1089 patiatur.
966 1044 1099 1085 aliem,
1133 1043 1192 1088 25,
1219 1048 1274 1088 24,
1303 1048 1356 1089 12,
1390 1056 1420 1079 c.
1449 1049 1505 1087 37,
1540 1049 1598 1088 16,
1631 1046 1704 1080 und

204 1092 308 1126 cuius
332 1092 386 1126 rei
410 1094 434 1126 t.
454 1103 493 1136 p.
520 1095 561 1126 et.
588 1103 618 1136 q.
643 1091 685 1136 3.]
716 1091 813 1125 ‘dem
829 1091 894 1125 Er·
966 1092 1134 1125 memoria
1185 1092 1342 1126 occurrit
1386 1091 1480 1126 ohne
1517 1092 1628 1127 Dativ
1670 1093 1702 1128 d.

155 1138 258 1183 folge
284 1138 400 1173 dieses
428 1137 577 1173 kleinen
601 1138 893 1172 Unternehmens
966 1137 1102 1173 Person
1127 1137 1186 1182 25,
1213 1141 1270 1180 38,
1295 1141 1326 1172 8.

158 1185 255 1221 habe
281 1186 345 1221 der
370 1184 606 1220 anmassende
630 1185 746 1230 junge
771 1185 893 1228 Manu,

634 1491 865 1534 Periocha
897 1491 1016 1532 libri
1047 1490 1226 1534 XXVI.

273 1667 492 1709 Hannibal
514 1668 566 1709 ad
586 1668 758 1709 tertium
784 1666 970 1722 lapidem
991 1668 1044 1709 ab
1065 1667 1167 1708 urbe
1187 1667 1325 1709 Roma
1349 1683 1474 1723 super
1494 1669 1705 1711 Anienem

157 1728 298 1768 castra
322 1727 475 1780 posuit.
514 1727 606 1780 ipse
627 1741 721 1767 cum
747 1727 911 1768 duobus
930 1727 1102 1767 milibus
1123 1726 1312 1780 equitum
1331 1742 1463 1782 usque
1491 1727 1542 1768 ad
1567 1728 1704 1782 ipsam

155 1783 371 1839 Capenam
407 1788 594 1839 portam,
631 1788 679 1827 ut
716 1786 845 1826 situm
876 1786 994 1826 urbis
1027 1785 1285 1839 exploraret,
1327 1786 1601 1840 obequitavit.
1663 1791 1704 1828 et

154 1857 250 1885 cum
286 1858 362 1898 per
398 1844 585 1885 triduum
621 1844 666 1885 in
698 1844 831 1886 aciem
868 1845 1081 1899 utrimque
1114 1845 1322 1885 exercitus
1355 1846 1493 1886 omnis
1531 1845 1703 1887 descen-

155 1901 297 1956 disset,
323 1905 538 1944 certamen
563 1904 794 1957 tempestas
821 1903 1008 1956 diremit-3
1033 1917 1134 1944 nam
1160 1917 1255 1944 cum
1280 1903 1323 1944 in
1350 1906 1489 1945 castra
1514 1903 1703 1957 redisset,

156 1961 302 2002 statim
335 1962 539 2003 serenitas
573 1964 676 2005 erat.
738 1961 882 2016 Capua
914 1965 1039 2016 capta
1072 1965 1136 2002 est
1169 1976 1193 2002 a
1224 1961 1272 2010 Q.
1302 1961 1451 2004 Fulvio
1490 1965 1532 2003 et
1562 1962 1701 2017 Appio

154 2018 334 2062 Claudio
366 2034 471 2062 coss.
523 2020 735 2075 principes
760 2019 1076 2075 Campanorum
1101 2034 1263 2062 veneno
1291 2021 1374 2062 sibi
1400 2023 1580 2063 mortem
1607 2035 1702 2064 con-

154 2079 378 2120 sciverunt.
427 2093 523 2120 cum
555 2082 725 2120 senatus
758 2078 1071 2133 Campanorum
1110 2079 1320 2134 deligatus
1354 2082 1466 2121 esset
1498 2080 1550 2121 ad
1580 2081 1702 2134 palos

152 2140 201 2178 ut
233 2138 368 2179 securi
405 2137 621 2192 feriretur,
660 2138 805 2179 literas
839 2153 863 2179 a
895 2141 1044 2179 senatu
1082 2138 1234 2179 missas
1268 2137 1315 2187 Q.
1347 2138 1521 2180 Fulvius
1554 2140 1703 2180 consul

155 2196 308 2250 quibus
339 2196 568 2237 iubebatur
597 2211 787 2251 parcere,
819 2199 1047 2252 antequam
1078 2197 1256 2252 legeret,
1286 2198 1330 2239 in
1360 2197 1455 2239 sinu
1486 2198 1631 2252 posuit
1662 2202 1705 2239 et

153 2254 248 2310 lege
282 2256 351 2310 agi
388 2255 513 2296 iussit
545 2257 587 2297 et
619 2256 873 2311 supplicium
910 2255 1089 2310 peregit.
1145 2270 1241 2297 cum
1273 2256 1458 2298 comitiis
1496 2259 1600 2310 aput
1630 2271 1702 2311 po-

152 2314 300 2367 pulum
343 2316 630 2369 quaereretur,
680 2315 747 2356 cui
796 2314 1072 2356 mandaretur
1113 2314 1430 2381 Hispaniarum
1467 2315 1703 2382 imperium,

153 2371 272 2413 nullo
315 2372 359 2413 id
396 2373 561 2415 volente
601 2374 831 2428 suscipere,
878 2373 922 2415 P.
961 2372 1121 2428 Scipio,
1159 2373 1203 2414 P.
1240 2373 1355 2415 filius
1396 2374 1502 2427 eius,
1545 2374 1617 2428 qui
1659 2375 1704 2415 in

153 2429 364 2484 Hispania
388 2431 611 2485 ceciderat,
642 2432 858 2487 professus
883 2434 949 2473 est
979 2447 1024 2473 se
1055 2432 1214 2473 iturum
1247 2435 1288 2473 et
1320 2432 1523 2487 suffragio
1555 2433 1704 2487 populi

154 2503 445 2544 consensuque
477 2491 665 2532 omnium
702 2491 857 2533 missus
889 2490 1056 2533 Novam
1091 2489 1397 2545 Carthaginem
1434 2492 1704 2546 expugnavit,

154 2562 249 2589 cum
279 2547 457 2589 haberet
488 2563 621 2591 annos
653 2549 823 2591 XXIIII
853 2550 1145 2604 videreturque
1184 2550 1325 2591 divina
1364 2551 1493 2605 stirpe
1526 2553 1703 2602 creatus,

154 2606 253 2661 quia
291 2609 334 2648 et
370 2606 461 2660 ipse
498 2610 727 2662 postquam
763 2611 910 2664 togam
949 2610 1170 2663 acceperat
1208 2609 1362 2651 cotidie
1406 2609 1450 2650 in
1488 2607 1702 2663 Capitolio

155 2668 262 2719 erat,
301 2668 344 2706 et
380 2666 425 2706 in
458 2666 649 2707 cubiculo
687 2668 837 2708 matris
870 2667 959 2708 eius
992 2667 1143 2721 anguis
1183 2682 1307 2722 saepe
1338 2667 1573 2710 videbatur.
1634 2681 1700 2709 res

153 2727 374 2778 praeterea
411 2727 552 2779 gestas
591 2725 635 2766 in
670 2723 813 2767 Sicilia
844 2726 1034 2767 continet
1065 2728 1106 2766 et
1147 2726 1377 2767 amicitiam
1410 2740 1504 2767 cum
1535 2726 1701 2767 Aetolis

154 2783 344 2825 iunctam
382 2783 622 2838 bellumque
661 2787 827 2839 gestum
867 2783 1066 2825 adversus
1099 2783 1346 2825 Acarnanas
1386 2787 1426 2825 et
1456 2784 1702 2839 Philippum

154 2840 428 2884 Macedoniae
458 2856 615 2897 regem.

1733 286 1773 316 12

1733 520 1773 550 13

1732 637 1774 667 14
