2000 3338
112 170 141 188 a.
161 162 228 188 Chr.
249 169 278 186 n.
298 162 359 187 210.
386 156 389 159 ’

588 150 732 186 LIBER
757 150 886 185 XXVI.
937 150 1038 185 CAP.
1065 154 1120 186 38.
1149 154 1204 185 39.

1614 151 1666 192 81

115 259 234 313 vicit,
276 259 325 299 ut
367 257 628 312 praesidium
667 258 874 299 Punicum
913 281 967 287 -—
1007 257 1228 312 quingenti
1271 260 1414 300 autem
1455 258 1670 300 Numidae

115 318 239 359 erant
260 339 310 346 —
336 314 591 370 Salapiaque
622 316 864 357 traderetur
885 315 1103 358 Marcello.
1150 329 1228 358 nec
1253 316 1343 358 sine
1376 316 1503 358 caede
1534 316 1671 358 multa
1698 327 1740 357 12

115 374 229 416 tradi
266 374 420 429 potuit.

487 375 615 429 longe
655 374 882 416 fortissimi
919 374 1110 429 equitum
1154 376 1245 416 toto
1283 374 1459 417 Punico
1484 375 1671 417 exercitu

115 434 250 475 erant.
298 433 443 486 itaque
469 447 728 487 quamquam
751 432 987 487 improvisa
1011 447 1079 474 res
1104 431 1203 483 fuit,
1233 447 1311 474 nec
1336 448 1438 475 usus
1465 447 1671 488 equorum

114 492 160 532 in
183 491 287 533 urbe
313 494 424 545 erat,
453 494 600 533 tamen
625 492 755 532 armis
781 491 893 532 inter
916 491 1148 532 tumultum
1173 491 1309 544 captis
1334 494 1378 533 et
1402 492 1670 546 eruptionem

112 551 446 604 temptaverunt,
472 552 515 591 et
541 563 636 592 cum
662 548 839 591 evadere
864 549 1102 602 nequirent,
1126 552 1368 602 pugnantes
1394 549 1448 590 ad
1473 550 1671 591 ultimum
1699 561 1740 591 13

114 608 416 662 occubuerunt,
439 622 517 649 nec
535 608 631 661 plus
658 607 969 661 quinquaginta
989 619 1040 646 ex
1058 606 1110 647 iis
1130 606 1176 646 in
1200 609 1462 660 potestatem
1480 607 1670 649 hostium

111 667 201 708 vivi
242 668 463 708 venerunt.

112 724 274 766 amissa
317 723 555 765 Hannibali
599 737 727 777 quam
770 721 943 776 Salapia
992 721 1092 775 fuit3
1141 736 1220 764 nec
1271 723 1422 765 deinde
1467 738 1670 778 umquam

113 783 302 836 Poenus,
333 797 415 836 quo
448 782 574 836 longe
605 780 838 835 plurimum
868 781 1081 835 valuerat,
1120 781 1312 835 equitatu
1345 783 1538 836 superior
1575 781 1670 824 fuit.

230 841 313 883 Per
337 840 450 881 idem
476 842 644 894 tempus
671 853 767 881 cum
791 840 836 880 in
862 853 957 880 arce
978 839 1212 881 Tarentina
1236 840 1308 882 vix
1333 841 1481 895 inopia
1512 841 1670 883 tolera·
1683 840 1738 882 39

110 899 212 941 bilis
243 900 377 953 esset,
414 912 534 951 spem
567 912 738 940 omnem
769 897 1030 952 praesidium
1060 898 1174 952 quod
1210 899 1270 940 ibi
1301 901 1396 941 erat
1425 899 1669 941 Romanum

112 957 436 1012 praefectusque
467 956 674 1010 praesidii
705 959 833 1010 atque
867 956 977 998 arcis
1007 955 1064 997 M.
1095 956 1242 998 Livius
1283 957 1330 998 in
1361 958 1669 1000 commeatibus

112 1016 167 1057 ab
188 1014 333 1058 Sicilia
358 1015 503 1056 missis
535 1015 772 1069 habebant,
803 1015 876 1070 qui
902 1017 952 1056 ut
973 1017 1069 1057 tuto
1097 1015 1526 1068 praeterveherentur
1551 1031 1671 1058 oram

111 1073 282 1129 Italiae,
325 1074 474 1116 classis
512 1073 666 1128 viginti
702 1073 835 1115 ferme
871 1073 1047 1115 navium
1084 1073 1211 1128 Regii
1249 1074 1405 1117 stabat.

1470 1076 1672 1129 praeerat

108 1133 243 1176 classi
286 1133 677 1187 commeatibusque
719 1132 771 1174 D.
809 1131 1051 1186 Quinctius,
1103 1132 1284 1174 obscuro
1335 1146 1487 1188 genere
1538 1135 1671 1188 ortus,

111 1194 300 1233 ceterum
331 1191 477 1232 multis
514 1191 699 1232 fortibus
736 1190 864 1232 factis
895 1190 1077 1232 militari
1107 1191 1247 1246 gloria
1277 1191 1468 1233 illustris.

1529 1192 1668 1246 primo

111 1250 301 1305 quinque
332 1264 481 1304 naves,
513 1264 693 1304 quarum
724 1250 935 1291 maximae
967 1249 1074 1291 duae
1106 1250 1320 1305 triremes,
1351 1265 1376 1292 a
1400 1250 1606 1293 Marcello
1633 1251 1671 1292 ei

109 1308 294 1350 traditae
326 1311 448 1350 erant
479 1306 686 1363 (habuit)3
717 1310 869 1362 postea
894 1322 985 1349 rem
1015 1307 1197 1363 impigre
1224 1323 1351 1362 saepe
1383 1309 1551 1364 gerenti
1583 1312 1670 1351 tres

112 1367 283 1408 additae
315 1367 656 1422 quinqueremes3
689 1369 907 1421 postremo
940 1367 1031 1420 ipse
1064 1381 1089 1407 a
1121 1367 1247 1409 sociis
1275 1367 1539 1423 Reginisque
1572 1372 1615 1409 et
1646 1382 1670 1409 a

157 1494 349 1537 fortissimi
390 1494 548 1539 equitum
596 1496 667 1528 toto
713 1493 854 1528 Punico

109 1541 292 1587 accercitu]
336 1540 401 1575 der
443 1540 595 1575 Ablativ
640 1540 856 1575 bezeichnet

111 1587 183 1623 den
229 1587 392 1632 Umfang
441 1588 504 1622 des
548 1587 738 1631 Gebietes,
789 1598 854 1621 aus

110 1633 291 1670 welchem
352 1635 412 1669 die
473 1635 604 1679 equites
662 1635 856 1679 hervorge-

111 1681 235 1716 hoben
274 1681 436 1723 werden;
475 1681 535 1716 bei
568 1680 646 1716 Liv.
685 1681 855 1716 ziemlich

108 1728 177 1763 oft.
227 1728 292 1772 28,
325 1731 387 1771 35,
425 1732 467 1762 12
512 1731 622 1772 caput
658 1739 779 1762 rerum
815 1729 856 1762 in

111 1776 212 1810 omni
242 1775 397 1810 hostium
428 1775 599 1818 equitatu.
650 1774 711 1818 37,
743 1778 800 1818 29,
834 1778 853 1809 9

114 1822 217 1866 lonye
235 1822 395 1856 omnium
415 1822 617 1856 celerrimae
639 1825 715 1856 tota
734 1823 853 1857 classe.

110 1867 153 1911 3,
180 1872 242 1912 25,
270 1872 289 1903 5
322 1869 424 1913 lonye
442 1869 617 1913 princeps
641 1870 683 1903 in
708 1869 854 1913 Aequis.

159 1916 356 1960 improvisa
378 1926 433 1950 res
456 1915 545 1960 fuit]
574 1927 617 1950 es
642 1915 730 1950 kam
749 1926 855 1950 uner-

111 1963 261 2005 wartet3
291 1974 319 1997 c.
350 1966 404 2005 13,
431 1966 462 1998 9.
495 1962 554 2007 25,
576 1966 630 2005 37,
654 1966 695 1997 12
722 1963 854 2006 impro-

110 2009 191 2044 visa
215 2020 270 2044 res
297 2021 329 2044 u.
357 2022 382 2043 s.
410 2022 452 2043 w.

164 2060 217 2092 13.
229 2060 435 2100 puynantes
451 2056 500 2091 ad
519 2055 700 2100 ultimum]
723 2055 771 2090 αά
790 2056 853 2090 ult.

110 2103 333 2146 adverbiell;
367 2103 462 2138 auch
497 2104 546 2138 ad
575 2106 769 2138 extremum
794 2102 855 2145 23,

112 2153 145 2191 2,
178 2154 200 2184 4
233 2151 282 2185 ad
313 2154 455 2184 extrem.
481 2151 650 2194 perditus
680 2161 711 2184 c.
744 2153 801 2194 20,
835 2155 855 2185 6

108 2197 181 2241 fide
212 2198 261 2232 ad
294 2197 461 2231 ultimum
492 2197 641 2241 expleta.
682 2207 711 2231 c.
745 2200 800 2238 30,
834 2201 854 2231 9

111 2244 153 2279 im
181 2244 250 2286 fide
275 2245 324 2279 ad
347 2244 516 2279 ultimum
542 2254 711 2279 mansere.

162 2294 216 2325 14.
237 2291 561 2337 lonyeffilwrimum
584 2290 765 2336 valuerat]
793 2290 855 2325 ob-

112 2337 213 2372 wohl
237 2337 300 2372 H.s
326 2338 615 2382 Uberlegenheit
646 2350 729 2371 zum
755 2337 855 2372 weit-

112 2395 178 2418 aus
204 2383 369 2429 grossten
394 2384 496 2419 Teile
522 2384 587 2419 auf
608 2384 770 2419 Reiterei
796 2384 856 2419 be-

115 2431 240 2473 ruhte,
266 2431 357 2465 hebt
379 2431 456 2465 dies
476 2431 555 2465 Liv.
576 2431 776 2476 eigentlich
795 2432 855 2466 nie

112 2477 382 2522 entsprechend
413 2477 562 2522 hervor3
595 2490 664 2512 nur
694 2478 754 2513 bei
785 2477 855 2512 Be-

113 2524 204 2569 ginn
232 2524 297 2559 des
323 2524 476 2568 Krieges
509 2524 573 2566 21,
600 2529 662 2566 47,
693 2530 707 2559 1
740 2529 855 2568 (proe-

112 2572 219 2615 liwm)
256 2581 324 2615 quo
361 2572 469 2613 facile
503 2573 694 2615 apparuit,
733 2573 854 2616 equi-

112 2622 212 2654 tatu
237 2619 455 2652 meliorem
483 2618 673 2653 Poenum
698 2629 794 2652 esse.

159 2664 261 2701 c.39.
275 2665 570 2700 Seesohlacht
588 2676 664 2699 vor
678 2664 854 2699 Tarent.

164 2716 193 2746 1.
213 2714 277 2755 vix
295 2713 424 2756 inopia
449 2711 661 2756 tolerabilis]
681 2712 745 2746 vix
764 2711 856 2745 wird

112 2758 229 2794 durch
255 2758 606 2803 Zwischenstellung
631 2770 703 2793 von
728 2759 856 2802 inopia

114 2816 187 2841 von
223 2805 361 2841 seinem
398 2806 640 2850 Adjektivum
683 2806 857 2850 getrennt

114 2852 190 2886 und
226 2853 391 2887 dadurch
428 2852 613 2897 gehoben:
660 2852 697 2894 7,
735 2855 795 2895 38,
834 2856 853 2886 2

112 2909 225 2943 neque
250 2900 303 2935 ita
327 2900 381 2935 rei
404 2903 520 2945 qestae
544 2900 653 2943 fama.

185 2964 244 2989 Tit.
264 2964 331 2989 Liv.
370 2964 403 2989 Β.
424 2965 466 2990 26.

975 1497 1008 1529 2.
1040 1494 1085 1528 ab
1118 1493 1267 1528 Sicilia:
1305 1494 1364 1529 die
1396 1495 1577 1540 Praposit.
1608 1495 1670 1530 be-

928 1540 1094 1575 zeichnet
1121 1540 1180 1575 die
1200 1541 1400 1586 Richtung,
1426 1552 1496 1576 von
1523 1541 1587 1576 der
1612 1541 1670 1577 die

929 1586 1151 1632 Sendungen
1176 1588 1427 1623 herkommen.

974 1646 1109 1691 stabat]
1138 1663 1182 1675 =
1208 1647 1249 1680 in
1279 1648 1433 1681 statione
1464 1650 1560 1688 erat,·
1598 1659 1671 1682 von

927 1693 1077 1727 Flotten
1101 1693 1304 1728 mehrfach.
1352 1693 1412 1736 21,
1440 1697 1496 1737 51,
1523 1698 1543 1728 3
1569 1694 1671 1737 fama

928 1743 1017 1782 erat,
1059 1743 1155 1774 stare
1198 1741 1250 1775 ibi
1289 1741 1470 1775 Punicam
1515 1742 1668 1776 classem.

928 1786 989 1829 22,
1017 1790 1070 1830 19,
1098 1791 1118 1821 5
1146 1799 1179 1821 u.
1206 1791 1261 1829 56,
1290 1792 1320 1822 7.

976 1849 1008 1880 3.
1033 1846 1157 1879 multis
1187 1846 1213 1887 f.
1240 1846 1349 1887 factis
1373 1847 1491 1890 yloria
1517 1858 1560 1880 m.
1587 1847 1670 1881 illn-

927 1892 1029 1937 stris]
1054 1891 1197 1936 ‘wegen
1215 1892 1330 1927 vieler
1349 1892 1511 1937 tapferer
1525 1893 1671 1928 Thaten

928 1938 1045 1973 durch
1075 1939 1317 1983 Kriegsruhm
1354 1939 1669 1985 hervorragend’;

929 1985 988 2020 die
1018 1986 1101 2028 fort.
1128 1985 1214 2027 fact.
1247 1985 1328 2020 sind
1357 1986 1424 2021 der
1450 1986 1576 2021 Grund
1608 1987 1672 2022 des

928 2032 1100 2066 Ruhmes.

976 2094 1008 2125 5.
1029 2092 1105 2134 ipse
1130 2091 1317 2136 exiyendo]
1346 2091 1398 2125 Zu
1418 2091 1501 2126 dem
1519 2092 1671 2128 Ablativ

929 2137 992 2172 des
1019 2137 1265 2172 Gerundiums
1291 2138 1376 2172 tritt
1401 2138 1461 2173 bci
1481 2138 1559 2173 Liv.
1586 2139 1671 2174 wie-

928 2184 1075 2220 derholt
1111 2185 1170 2219 die
1202 2196 1288 2220 vom
1314 2184 1515 2220 Gedanken
1553 2186 1671 2231 gefor-

928 2232 1048 2275 derte,
1075 2231 1163 2266 aber
1188 2243 1253 2266 vor
1270 2231 1348 2268 Liv.
1375 2233 1434 2267 nie
1462 2233 1671 2277 sprachlich

928 2278 1199 2323 ausgedrsickte
1216 2279 1474 2323 Bezeichnung
1493 2279 1556 2314 des
1581 2279 1671 2315 han·

928 2325 1087 2360 deluden
1119 2325 1315 2369 Subjektes
1352 2326 1403 2360 im
1435 2326 1670 2369 Nominativ;

928 2372 1008 2407 eine
1050 2372 1173 2407 kfihne
1211 2372 1411 2418 Neuerung
1449 2373 1672 2408 entstanden

928 2431 993 2454 aus
1025 2419 1108 2453 dem
1135 2419 1338 2453 Bestreben
1365 2420 1446 2455 eine
1471 2420 1671 2466 Wendung

929 2466 997 2501 wie
1023 2466 1072 2513 τῷ
1099 2463 1214 2506 αὐτὸς
1239 2470 1364 2501 ποιεῖν
1389 2467 1670 2502 nachzubilden.

928 2513 1100 2548 Indessen
1148 2512 1373 2548 beschr'ankt
1425 2513 1502 2549 sich
1552 2514 1672 2549 dieser

928 2559 1123 2594 Gebrauoh
1155 2559 1222 2594 auf
1249 2561 1413 2605 quisque,
1451 2561 1544 2604 ipse,
1574 2562 1671 2596 solus

927 2607 1002 2640 und
1029 2607 1191 2642 einzelne
1211 2607 1437 2642 Zahlwortcr
1462 2608 1522 2649 25,
1546 2611 1600 2651 23,
1628 2612 1668 2642 11

927 2654 1217 2698 aestimandoque
1241 2654 1317 2698 ipse
1341 2665 1466 2689 secum.
1506 2654 1540 2698 2,
1567 2657 1622 2697 38,
1650 2660 1669 2689 6

926 2700 1205 2744 instiyandoque
1254 2711 1337 2735 suos
1386 2702 1461 2745 ipse
1504 2702 1667 2745 populos.

928 2745 988 2790 24,
1016 2750 1047 2789 5,
1075 2751 1094 2780 9
1127 2747 1300 2781 tendendo
1332 2747 1404 2781 duo
1436 2748 1484 2782 ad
1517 2746 1669 2782 Cartha-

927 2794 1114 2838 ginienses.

977 2863 1000 2886 a
1025 2852 1130 2886 sociis
1155 2851 1374 2896 Reyinisque
1398 2856 1430 2887 et
1455 2864 1479 2887 a
1514 2852 1614 2887 Velia
1638 2857 1671 2888 et

928 2910 951 2932 α
986 2898 1129 2944 Paesto]
1164 2898 1224 2932 die
1255 2898 1509 2943 griechischen
1540 2899 1670 2935 Stadia

1366 2961 1386 2992 6

527 666 708 719 plusque
752 664 972 718 aliquanto
1024 663 1168 705 damni
1217 664 1323 706 haec
1365 666 1434 707 ala
1478 667 1670 720 equitum
1699 677 1741 707 14

1697 1027 1716 1056 2

1697 1086 1716 1115 3

1695 1202 1718 1232 4
