2000 3338
630 159 921 195 KRITISCHER
945 159 1159 194 ANHANG.
1586 159 1607 197 1
1616 157 1636 197 1
1646 157 1667 197 1

127 268 191 312 qui
223 267 395 310 dicerent,
426 266 520 300 nihil
551 266 712 301 adtinere
742 265 856 300 omnis
886 265 1101 300 tumultuose
1131 265 1317 300 concitari.
1351 263 1385 307 2,
1410 266 1468 307 29,
1493 265 1513 297 5
1539 263 1670 298 tumul-

127 314 275 349 tuosius.
320 313 390 347 Zur
420 312 688 347 Konstruktion
713 312 753 356 2,
779 316 835 355 26,
867 315 888 346 5
915 313 1018 346 cuius
1041 313 1249 355 (exercitus)
1272 312 1390 355 fama
1414 310 1514 357 haud
1539 311 1670 354 procul

125 362 201 396 iam
225 361 270 395 ab
295 360 428 395 Aricia
451 361 521 395 visi
546 363 647 395 tanto
672 360 828 394 tumultu
853 359 1047 394 concivit
1070 358 1266 401 Romanos,
1289 361 1331 393 ut
1356 386 1363 393 .
1385 386 1393 393 .
1415 383 1422 392 .
1449 349 1548 392 Uber
1575 357 1671 401 quod

123 407 219 442 nach
249 417 357 453 quam
390 407 462 452 vgl.
489 406 556 451 26,
589 410 620 449 6,
647 410 685 449 4,
716 417 825 450 quam
854 406 949 450 quod
973 409 1085 449 porta
1116 406 1190 440 und
1215 406 1254 440 L.
1288 417 1323 450 p.
1349 404 1431 439 LXI
1455 404 1497 438 de
1527 404 1671 438 vocibus

123 454 271 498 spuriis.
322 454 420 488 Uber
450 454 520 488 den
552 452 716 498 Wegfall
748 453 812 487 der
842 451 1075 496 Priiposition
1106 462 1171 486 vor
1203 452 1321 487 einem
1346 450 1603 495 Kompositum
1631 449 1669 484 in

123 501 163 535 P.
196 501 268 545 vgl.
301 501 341 535 L.
374 513 409 545 p.
436 499 683 534 LXXXVIIII.
740 499 860 534 Durch
893 498 1118 542 Einsetzung
1153 509 1226 533 von
1251 501 1495 542 propagatum
1526 497 1672 532 kommt

125 547 200 582 Md.
227 547 479 591 notwendiger
497 547 621 581 Weise
646 559 689 580 zu
714 547 893 587 discursu,
916 545 990 589 vgl.
1013 544 1150 589 jedooh
1169 544 1246 578 Liv.
1268 544 1328 587 26,
1357 547 1411 587 15,
1438 548 1456 578 7
1478 554 1669 578 concursu-

129 605 195 639 que
219 595 267 629 ad
286 595 448 639 primum
473 595 628 638 equitum
652 594 852 636 inyressum
875 592 981 634 facto.

226 645 279 683 10,
305 645 326 674 2
349 641 492 685 placuit
510 639 701 684 ponerent]
721 649 856 682 ponere
880 637 975 672 nach
1002 647 1033 674 ς.

223 691 279 730 10,
305 691 324 722 6
350 690 416 722 aut
440 697 548 722 cavas
571 685 731 729 undique
754 684 848 730 vias]
876 688 907 718 et
933 694 959 718 c.
986 695 1021 719 u.
1047 694 1079 718 v.

221 744 276 785 11,
303 744 323 775 5
349 743 381 775 et
406 738 515 782 aliae]
542 739 635 772 duae
659 737 763 771 aliae.
790 736 863 770 Md.
891 747 959 771 em.
987 736 1026 772 L.
1047 748 1082 781 p.
1103 740 1182 780 373,
1209 736 1281 780 vgl.
1309 735 1368 779 35,
1394 739 1451 779 40,
1475 740 1505 771 7.
1533 735 1593 779 37,
1616 740 1670 779 15,

129 791 147 822 7
176 787 337 822 dieselbe
362 784 657 828 Redewendung.

224 839 279 877 11,
305 838 325 868 6
351 843 407 867 eos
431 831 521 876 dies]
543 842 610 875 per
636 841 692 865 eos
719 831 794 864 dies
818 830 913 864 nach
940 833 975 874 ς,
1000 830 1075 875 vgl.
1101 830 1160 872 26,
1189 834 1243 874 12,
1269 834 1300 864 3.

220 885 274 923 11,
301 883 321 914 9
349 878 543 922 Capenatis
568 878 702 922 aliique
727 877 867 912 accolae
891 877 967 912 eius
992 877 1110 922 crant]
1135 877 1331 922 Capenates
1357 878 1503 922 aliique,
1528 879 1591 922 qui
1611 889 1668 913 ac-

127 927 223 962 colae
246 927 322 961 eius
346 928 459 967 erant,
479 925 668 969 primitias
692 928 752 959 etc.
780 924 937 958 Gronov.

219 982 273 1022 12,
298 981 319 1011 2
344 989 498 1022 namque
522 989 566 1012 esc
591 977 744 1012 Lucano
768 977 809 1011 in
832 976 1022 1011 Bruttium
1047 976 1192 1022 ayrum]
1219 987 1371 1021 namque
1390 988 1458 1020 per
1480 977 1671 1012 Samnium

122 1029 154 1061 et
167 1025 348 1060 Lucanos.
368 1025 441 1059 Md.
461 1029 540 1069 (per
559 1024 749 1059 Samnium
762 1024 1021 1068 Apuliamque)
1039 1027 1072 1058 et
1090 1024 1270 1059 Lucanos.
1304 1024 1344 1058 L.
1363 1022 1430 1058 Die
1451 1024 1671 1069 Ergiinzung

120 1072 171 1108 ist
195 1072 377 1107 durchaus
402 1072 586 1113 unsicher3
619 1071 746 1115 Polyb.
773 1074 812 1114 9,
847 1075 865 1105 7
891 1067 1142 1115 ποιησάμενος
1174 1069 1215 1105 δὲ
1242 1067 1310 1114 τὴν
1335 1072 1491 1113 πορείαν
1518 1069 1581 1106 διὰ
1607 1072 1672 1116 τῆς

124 1120 292 1159 Δαυνίας
317 1118 380 1153 καὶ
405 1119 469 1162 τῆς
488 1119 662 1163 Βρεττίας
687 1118 787 1152 kann
806 1117 864 1151 fiir
884 1117 942 1151 die
961 1117 1181 1162 Ergz’mzung
1200 1117 1304 1152 nieht
1322 1116 1560 1163 massgebend
1581 1119 1672 1162 sein,

125 1167 172 1201 da
196 1165 274 1201 Liv.
301 1166 381 1200 hier
405 1166 604 1209 durohweg
629 1165 711 1199 dem
737 1164 814 1199 Pol.
842 1163 948 1199 nieht
971 1164 1077 1209 folgt.

218 1216 271 1255 12,
294 1217 336 1247 15
356 1214 430 1247 iam
443 1213 617 1256 professis
636 1211 795 1257 operam]
817 1222 902 1246 eam.
930 1211 1064 1246 Duker.
1091 1214 1164 1246 tam
1184 1211 1267 1257 diu]
1288 1212 1362 1246 iam
1381 1212 1456 1246 diu.
1486 1210 1668 1257 Sigonius.

221 1263 275 1303 13,
300 1263 323 1293 4
348 1260 437 1304 quid
460 1259 536 1304 vos]
563 1258 677 1304 quid?
702 1269 773 1293 vos.
799 1258 872 1292 Md.

220 1310 274 1348 13,
301 1310 321 1341 9
347 1307 425 1341 irae
450 1310 556 1351 atque
580 1307 657 1340 odii
680 1306 916 1349 inexpiabilis
940 1306 1218 1350 execrabilisque
1243 1307 1420 1341 indicium
1444 1305 1508 1350 est]
1529 1317 1670 1341 execra-

125 1355 207 1390 bilis
237 1354 540 1398 inexorabilisque
571 1353 626 1387 Ff.
658 1353 867 1387 execrabilis
897 1353 1230 1397 (inexpiabilisque)
1261 1353 1300 1387 L.
1334 1353 1429 1387 nach
1461 1352 1670 1387 Alschefski

125 1401 199 1436 und
224 1401 351 1445 stg.
401 1400 469 1435 Die
505 1400 724 1445 Erganzung
754 1399 866 1434 findet
895 1399 1074 1444 richtiger
1105 1411 1152 1434 an
1178 1399 1323 1434 zweiter
1350 1400 1463 1434 stelle
1489 1400 1591 1443 statt,
1617 1399 1671 1434 in—

127 1449 210 1482 dem
243 1447 308 1482 das
333 1449 439 1492 Auge
471 1447 534 1482 des
560 1446 821 1481 Abschreibers
853 1447 943 1481 iiber
968 1446 1026 1482 die
1053 1446 1222 1491 gleichen
1248 1446 1451 1491 Endungen
1476 1446 1552 1481 fort
1576 1447 1671 1482 nach

124 1505 190 1540 que
227 1494 374 1529 abirrte.
423 1495 660 1528 ineoeorabilis
697 1493 888 1538 empfiehlt
925 1494 1002 1528 sich
1038 1494 1091 1529 als
1124 1494 1162 1528 in
1194 1494 1258 1529 der
1292 1493 1429 1528 Schrift
1462 1494 1672 1529 eoeecrabilis

123 1543 198 1576 fast
222 1541 449 1585 vollstandig
474 1541 678 1585 gleichend.
717 1539 765 1576 M.
790 1539 925 1575 Mfiller
950 1553 992 1575 zu
1019 1541 1058 1583 2,
1090 1545 1128 1584 3,
1155 1545 1175 1574 4
1202 1541 1340 1576 erkl'art
1365 1552 1402 1575 es
1427 1540 1486 1574 fiir
1511 1536 1574 1575 ἅπ.
1602 1539 1668 1585 εἰρ.

123 1587 184 1623 bei
208 1588 306 1630 Liv.;
338 1588 413 1633 vgl.
441 1587 576 1632 jedooh
601 1587 665 1630 34,
698 1592 736 1630 4,
771 1590 824 1622 18.
876 1588 1047 1622 adversus
1067 1591 1098 1623 te
1123 1592 1154 1622 et
1179 1598 1251 1622 rem
1276 1592 1376 1622 tuam
1395 1591 1426 1622 et
1445 1588 1573 1622 liberos
1592 1591 1671 1622 tuos

122 1635 359 1670 ineaeorabilis
384 1635 486 1670 st.
529 1635 723 1670 exorabilis
746 1635 796 1669 ist
819 1635 986 1679 haufiger
1011 1634 1071 1679 34,
1101 1638 1132 1679 1,
1161 1639 1178 1669 7
1205 1636 1349 1670 minime
1374 1646 1425 1670 ex.
1458 1633 1517 1679 25,
1546 1638 1600 1678 16,
1628 1638 1670 1669 12

122 1683 261 1717 nullam
289 1693 449 1726 unquam
480 1685 615 1726 yentem
645 1682 760 1726 mayis
791 1682 1005 1717 exorabilem
1031 1683 1354 1727 promptioremque
1381 1683 1504 1717 veniae
1529 1682 1672 1717 (landae

122 1730 244 1772 fuisse.

220 1779 273 1818 13,
303 1780 346 1810 14
370 1776 506 1822 sperat]
530 1779 643 1820 parat
667 1776 762 1810 nach
788 1787 820 1813 ς.

223 1826 277 1865 13,
305 1826 346 1857 15
372 1824 414 1858 in
439 1833 578 1858 carcere
603 1827 667 1857 aut
692 1823 740 1857 ad
764 1824 889 1867 palum
915 1823 1107 1868 deliyatus]
1135 1824 1176 1857 in
1200 1833 1338 1858 carcere
1361 1824 1411 1864 (m
1437 1823 1589 1866 condar)
1607 1825 1672 1857 aut

124 1870 203 1912 (ad)
221 1871 351 1914 palum
375 1871 470 1905 nach
494 1870 703 1904 Alschefski
728 1871 802 1904 und
827 1870 900 1906 Md.
929 1881 995 1905 em.
1023 1870 1061 1905 L.
1087 1882 1122 1914 p.
1151 1874 1228 1904 373.
1267 1870 1306 1904 L.
1341 1869 1407 1904 Die
1432 1869 1564 1904 beiden
1583 1869 1671 1903 Hin-

125 1916 420 1962 richtungsarten
446 1918 487 1951 in
512 1928 652 1952 carcere
676 1917 751 1951 und
777 1918 825 1952 ad
845 1917 974 1961 palum
999 1917 1064 1951 del.
1091 1918 1237 1951 kbnnen
1262 1916 1477 1961 unmoglich
1502 1928 1544 1950 zu
1571 1917 1670 1951 einer

125 1964 401 1998 verschmolzen
420 1964 578 2007 werden,
603 1963 672 1998 wie
693 1964 807 1998 durch
827 1965 867 1998 in
887 1975 1024 1998 carcere
1043 1965 1091 1998 ad
1111 1965 1239 2008 palum
1259 1965 1324 1998 del.
1345 1963 1446 2007 (Md.)
1467 1963 1670 2008 geschieht.

125 2009 200 2044 Der
223 2010 370 2045 Redner
395 2011 497 2045 stellt
522 2010 699 2045 vielmehr
725 2011 783 2045 die
802 2010 1025 2056 Bestrafung
1050 2011 1100 2045 im
1126 2022 1245 2046 carcer
1270 2011 1387 2045 neben
1414 2010 1482 2056 die·
1499 2010 1670 2054 gewbhn-

127 2056 224 2091 liehe
243 2057 492 2103 Hinrichtung
517 2059 643 2100 securi,
670 2058 724 2092 als
749 2058 933 2103 generelle
955 2058 1211 2102 Bezeichnung
1230 2058 1293 2092 der
1318 2057 1451 2092 beiden
1470 2050 1581 2101 Ubel,
1614 2057 1671 2091 die

125 2103 225 2138 seine
262 2104 423 2139 Zuhdrer
461 2105 580 2139 sicher
616 2105 795 2140 erwarten
832 2105 979 2139 kbnnen
1014 2105 1102 2149 (und
1134 2105 1193 2140 die
1232 2105 1341 2139 ihnen
1378 2104 1472 2139 auch
1510 2116 1553 2138 zu
1592 2104 1671 2138 Teil

124 2150 296 2194 werden).
334 2151 418 2196 Vgl.
445 2163 473 2186 e.
504 2156 545 2186 15
571 2164 604 2186 u.
633 2163 662 2188 c,
690 2155 744 2186 34.

226 2201 280 2241 15,
307 2202 326 2232 3
353 2209 432 2233 cum
457 2200 592 2243 aliquis
616 2200 802 2240 sociorum,
829 2199 960 2234 Latini
984 2200 1153 2242 nominis,
1178 2199 1473 2243 municipiorum]
1500 2209 1578 2233 cum
1604 2198 1670 2232 ali-

130 2245 210 2288 quis
233 2246 411 2280 sociorum
436 2245 567 2280 Latini
590 2247 747 2281 nominis
771 2245 844 2281 Md.
873 2258 941 2282 em.
967 2246 1006 2280 L.
1033 2258 1068 2290 p.
1095 2250 1174 2281 374.

223 2301 277 2341 16,
303 2302 322 2332 9
348 2309 412 2333 nec
435 2302 580 2333 senatus
604 2310 667 2334 nec
686 2300 804 2343 plebis
823 2299 1027 2344 concilium]
1050 2310 1113 2334 nec
1131 2303 1294 2333 senatum
1312 2299 1447 2333 Duker.
1492 2298 1562 2332 Ein
1587 2308 1670 2332 con-

126 2344 249 2378 cilium
273 2349 416 2394 senatus
437 2345 667 2380 widerstrebb
691 2346 800 2381 allem
824 2346 1182 2391 Sprachgebrauche.
1217 2346 1299 2390 Vgl.
1321 2346 1409 2380 Wss.
1430 2358 1473 2380 zu
1493 2345 1552 2389 21,
1569 2348 1622 2388 14,
1639 2348 1668 2379 1.

125 2390 270 2426 Ebeneo
297 2393 446 2426 concilio
465 2393 627 2438 publico]
656 2394 804 2428 consilio
824 2394 973 2438 publico
998 2393 1086 2428 ibid.

223 2446 282 2486 17,
316 2447 335 2478 3
367 2445 411 2478 ab
447 2445 499 2479 Ti.
532 2445 686 2481 Fonteio
718 2450 749 2480 et
782 2447 951 2492 Marcio]
983 2450 1015 2481 et
1046 2446 1090 2480 L.
1125 2447 1282 2481 Marcio.
1327 2445 1366 2480 L.
1398 2446 1493 2480 nach
1526 2455 1557 2482 ς.
1596 2446 1670 2479 und

126 2489 359 2570 konzwngem
385 2490 719 2536 Sprachgebrauch.
767 2494 982 2538 Lahmeyer,
1010 2493 1142 2528 Philol.
1160 2492 1199 2528 B.
1222 2497 1276 2536 22,
1297 2505 1332 2537 p.
1353 2496 1395 2528 63
1417 2491 1451 2528 ff.
1478 2504 1513 2537 p.
1533 2496 1599 2526 471
1623 2491 1669 2534 ff.,

223 2588 276 2627 17,
304 2588 324 2619 5
349 2585 433 2620 inde
457 2586 599 2631 missus]
627 2588 711 2622 inde
735 2588 880 2622 emissus
904 2587 977 2621 Md.
1005 2598 1074 2622 em.
1101 2587 1139 2621 L.
1165 2598 1199 2631 p.
1227 2590 1305 2621 374.

224 2635 283 2674 17,
316 2636 335 2666 6
362 2635 402 2666 ut
426 2632 642 2678 (Romam)]
675 2637 715 2668 ut
746 2644 866 2668 coram
890 2633 963 2668 Md.
996 2645 1064 2669 em.
1090 2634 1167 2669 Liv.
1195 2638 1272 2668 375.
1311 2633 1384 2678 Vgl
1410 2633 1503 2668 auch
1529 2632 1589 2676 26,
1615 2636 1670 2676 30,

131 2680 190 2712 12:
215 2682 396 2721 maneant,
422 2680 540 2724 inquit
567 2681 778 2723 Marcellus,
804 2684 844 2714 ut
869 2691 989 2715 coram
1013 2682 1060 2714 iis
1086 2681 1326 2724 respondeam.

223 2729 277 2768 17,
305 2729 323 2760 7
349 2727 494 2760 evadere
517 2727 629 2772 saltu]
656 2728 801 2761 evadere
826 2738 842 2761 e
866 2728 963 2761 saltu
986 2727 1082 2761 nach
1108 2738 1138 2764 ς.

223 2776 276 2816 17,
305 2776 346 2807 13
372 2774 626 2819 extemploque]
652 2774 822 2817 eoetemplo
846 2773 941 2808 nach
969 2783 999 2810 ς.

224 2822 278 2864 18,
304 2823 324 2854 2
350 2831 413 2855 nec
436 2824 554 2855 tamen
581 2841 619 2845 —
649 2821 772 2867 quam]
799 2832 862 2856 nec
887 2825 960 2856 tam
985 2841 1031 2845 —
1055 2832 1172 2865 quam.
1200 2819 1356 2855 Gronov.

223 2870 284 2909 18,
316 2871 337 2901 4
367 2871 407 2902 ut
432 2869 645 2912 proconsuli
676 2869 828 2903 creando
853 2869 894 2902 in
919 2867 1143 2911 Hispaniam
1169 2868 1314 2902 comitia
1338 2866 1494 2912 haberet]
1525 2870 1565 2901 ut
1584 2877 1669 2911 pro-

129 2913 266 2947 consuli
297 2915 449 2949 creando
480 2916 521 2949 in
552 2915 774 2960 Hispaniam
807 2916 950 2950 comitia
981 2915 1195 2949 haberentur
1219 2913 1292 2948 Md.
1321 2925 1386 2949 em.
1417 2913 1494 2949 Liv.
1520 2925 1555 2958 p.
1582 2917 1668 2956 3753
