2000 3338
197 1404 254 1445 40

261 131 317 173 84
694 126 838 162 LIBER
862 125 991 161 XXVI.
1042 124 1143 160 CAP.
1171 128 1226 159 39.
1254 127 1309 159 40.

1655 139 1679 157 a.
1702 139 1730 158 u.
1749 132 1811 158 544.

191 249 233 280 18
260 240 433 293 repente
454 239 496 277 et
522 235 608 276 alia
634 248 659 274 a
683 246 825 286 puppe
850 231 1037 272 triremis
1063 229 1254 271 hostium
1274 230 1487 283 apparuit.
1530 229 1591 270 ita
1609 230 1653 270 in
1675 227 1814 270 medio

261 295 548 339 circumventa
567 291 762 334 Romana
787 289 909 331 navis
936 288 1115 342 capitur.
1160 286 1260 329 hinc
1285 288 1436 328 ceteris
1461 289 1600 330 terror
1623 287 1818 341 iniectus,

261 354 335 396 ubi
358 351 619 407 praetoriam
637 363 791 391 navem
817 348 988 401 captam
1007 345 1168 399 videre3
1193 344 1492 400 fugientesque
1517 346 1679 400 passim
1705 345 1815 387 aliae

260 413 305 453 in
342 410 429 453 alto
468 422 650 461 mersae,
689 407 798 449 aliae
830 406 874 447 in
910 407 1071 447 terram
1102 404 1230 445 remis
1269 403 1471 457 abreptae
1503 417 1602 445 mox
1635 403 1816 458 praedae

193 470 379 525 iehfuere
411 467 612 509 Thurinis
644 464 1046 520 Metapontinisque.
1099 476 1150 504 ex
1181 461 1406 516 onerariis,
1438 475 1546 516 quae
1576 476 1673 504 cum
1704 475 1818 504 com-

261 530 406 569 meatu
439 526 745 581 sequebantur,
782 536 1020 577 perpaucae
1059 522 1104 562 in
1141 522 1398 575 potestatem
1435 519 1625 562 hostium
1655 534 1820 575 venere,

263 586 374 628 aliae
407 584 460 626 ad
491 585 675 626 incertos
702 585 852 625 ventos
884 580 984 623 hinc
1011 582 1138 634 atque
1163 579 1281 621 illinc
1308 578 1484 633 obliqua
1513 577 1818 620 transferentes

263 645 359 687 vela
390 644 435 685 in
467 644 603 685 altum
635 643 806 684 evectae
838 641 950 682 sunt.

381 701 663 756 Nequaquam
701 700 793 754 pari
831 699 1005 740 fortuna
1041 711 1117 751 per
1148 710 1219 738 eos
1261 696 1349 737 dies
1382 693 1558 736 Tarenti
1588 709 1656 736 res
1688 696 1822 749 gesta.

264 776 366 803 nam
411 761 464 802 ad
508 762 710 814 quattuor
746 757 865 798 milia
901 756 1126 797 hominum
1162 755 1474 796 frumentatum
1516 766 1689 808 egressa
1726 766 1822 794 cum

196 830 238 861 21
266 821 311 861 in
343 820 458 875 agris
490 817 652 872 passim
684 817 963 870 vagarentur,
995 813 1164 867 Livius,
1196 813 1269 868 qui
1302 813 1388 854 arci
1419 811 1718 867 praesidioque
1738 810 1821 853 Ro-

264 891 391 919 mano
435 878 650 930 praeerat,
700 875 889 915 intentus
934 873 980 913 in
1023 885 1169 913 omnes
1215 871 1463 913 occasiones
1506 870 1715 926 gerendae
1758 869 1823 911 rei

264 935 310 978 C.
332 935 527 977 Persium
558 934 793 988 impigrum
825 931 962 973 virum
996 944 1091 971 cum
1124 929 1288 971 duobus
1320 929 1493 971 milibus
1520 932 1564 970 et
1593 928 1825 982 quinyentis

195 1005 239 1036 22
267 996 530 1036 armatorum
556 1007 606 1034 ex
634 1005 730 1034 arce
757 990 917 1043 emisit,
949 989 1022 1043 qui
1053 1001 1161 1043 vage
1188 987 1344 1030 effusos
1376 1001 1452 1041 per
1477 1001 1604 1043 agros
1636 987 1825 1042 palatos-

266 1067 347 1108 que
380 1052 554 1094 adortus
587 1065 683 1092 cum
715 1050 787 1091 diu
817 1048 981 1104 passim
1013 1047 1254 1097 cecidisset,
1292 1060 1449 1100 paucos
1483 1060 1535 1087 ex
1565 1046 1712 1087 multis
1742 1047 1825 1087 tre-

265 1111 367 1165 pida
403 1111 508 1166 fuga
550 1108 783 1151 incidentes
822 1106 1089 1160 semiapertis
1133 1106 1357 1160 portarum
1394 1103 1558 1146 foribus
1595 1104 1640 1144 in
1676 1103 1827 1146 urbem

268 1169 491 1224 compulit,
516 1183 593 1210 nec
619 1167 794 1210 maltam
818 1166 946 1219 afuit,
972 1165 1074 1218 quin
1099 1164 1201 1205 urbs
1228 1163 1378 1206 eodem
1403 1163 1567 1217 impetu
1593 1163 1826 1216 caperetur.

266 1286 370 1328 tinis
415 1285 534 1327 mari.

269 1346 478 1387 frustrata
509 1344 683 1398 pariter.

197 1240 239 1269 23
267 1228 328 1270 ita
354 1228 562 1282 aequatae
587 1241 655 1267 res
682 1225 736 1267 ad
755 1224 1002 1279 Tarentum,
1026 1222 1233 1265 Romanis
1258 1221 1495 1263 victoribus
1519 1222 1646 1274 terra,
1671 1220 1828 1263 Taren-

601 1283 807 1326 frumenti
844 1297 958 1337 spes,
1003 1296 1110 1336 quae
1155 1282 1199 1323 in
1243 1280 1376 1323 oculis
1422 1279 1581 1333 fuerat,
1624 1281 1828 1334 utrosque

388 1403 470 1445 Per
502 1403 614 1444 idem
645 1405 814 1454 tempus
834 1398 1045 1441 Laevinus
1073 1398 1239 1452 consul,
1270 1398 1357 1439 iam
1390 1410 1550 1452 magna
1581 1399 1703 1450 parte
1728 1396 1830 1438 anni

269 1462 544 1515 circumacta,
583 1461 626 1502 in
665 1459 855 1501 Siciliam
894 1458 1106 1500 veteribus
1143 1457 1353 1511 novisque
1392 1456 1519 1498 sociis
1559 1456 1829 1509 exspectatus

269 1535 366 1563 cum
398 1520 603 1573 venisset,
633 1519 820 1573 primum
853 1532 902 1559 ac
932 1516 1206 1571 potissimum
1239 1515 1431 1557 omnium
1463 1518 1582 1556 ratus
1607 1512 1829 1568 Syracusis

222 1590 241 1621 2
268 1594 380 1621 nova
417 1593 521 1634 pace
559 1576 798 1620 inconditas
831 1588 1084 1629 componere
1115 1589 1201 1628 res,
1240 1574 1526 1629 Agrigentum
1558 1571 1674 1626 inde,
1716 1572 1829 1626 quod

271 1638 372 1680 belli
415 1638 627 1692 reliquum
671 1638 762 1677 erat
805 1634 1115 1688 tenebaturque
1161 1648 1185 1674 a
1223 1631 1644 1687 Carthaginiensium
1688 1630 1829 1672 valido

222 1709 243 1739 3
269 1696 502 1752 praesidio,
540 1695 660 1737 duxit
695 1694 899 1749 legiones.
956 1695 1003 1734 et
1040 1691 1176 1733 adfuit
1213 1692 1388 1733 fortuna
1429 1690 1613 1744 incepto.
1674 1689 1830 1731 Hanno

214 1841 217 1843 ³
270 1847 337 1882 auf
366 1847 431 1881 der
457 1846 592 1880 Flucht
617 1845 861 1889 Bedrangten.
902 1855 931 1878 c.
958 1847 1015 1884 40,

272 1899 314 1930 17
346 1894 620 1940 conglobaverat
651 1892 916 1937 Ayathyrnam.
954 1889 1016 1934 22,

271 1946 304 1986 5,
330 1944 350 1976 8
373 1942 450 1984 fors
470 1940 667 1985 conylobat.
694 1938 754 1982 25,
771 1942 826 1981 15,
843 1942 885 1973 15
901 1949 934 1973 u.
951 1936 1013 1972 oft.

319 1991 373 2024 18.
395 1988 517 2023 ceteris
536 1990 652 2022 terror
670 1985 841 2030 iniectus]
862 1985 931 2019 wie
953 1987 972 2026 §
995 1988 1015 2019 9

272 2045 347 2070 von
378 2035 449 2069 den
473 2034 674 2068 Menschen
706 2032 771 2068 auf
793 2032 853 2067 die
880 2031 1015 2067 Schiffe

270 2083 504 2126 {iberti-agen.

317 2130 359 2163 in
395 2132 530 2164 terram
566 2128 672 2162 remis
705 2125 894 2171 abreptae]
929 2136 1015 2159 man

271 2175 354 2211 liefs
381 2175 440 2210 die
457 2174 592 2209 Schiffe
618 2173 818 2208 auflaufen.
856 2172 938 2216 Vgl.
954 2171 1014 2213 22,

274 2227 328 2266 19,
347 2226 388 2257 12
410 2223 449 2256 in
470 2223 557 2256 litus
572 2248 579 2255 .
594 2248 601 2255 .
619 2249 625 2255 .
643 2230 752 2255 naves
771 2222 927 2264 eyerunt.
954 2218 1015 2262 30,

272 2273 329 2313 25,
350 2272 370 2304 8
396 2270 612 2304 concitatam
631 2268 726 2302 enim
750 2267 857 2301 remis
881 2269 1016 2311 quanto

271 2317 431 2351 maximo
455 2317 590 2359 impetu
610 2317 794 2360 poterant,
819 2314 859 2348 in
884 2317 1017 2348 terram

272 2374 353 2398 cum
376 2364 615 2397 immisissent.

322 2413 375 2445 19.
396 2410 542 2454 obliqua
560 2409 816 2451 transferentes
841 2406 934 2451 vela]
957 2406 1016 2441 die

273 2457 383 2501 Segel
408 2457 496 2491 bald
522 2456 558 2490 in
586 2456 716 2497 dieser,
742 2454 829 2489 bald
854 2453 892 2488 in
913 2453 1018 2498 jener

272 2504 463 2548 Richtung
494 2502 667 2546 stellend,
701 2501 903 2542 lavierend;
942 2501 1016 2543 Vgl.

272 2550 419 2596 Vergil:
444 2551 630 2594 obliquare
648 2550 727 2584 vela
752 2550 793 2583 in
816 2552 969 2583 ventum.

321 2601 378 2632 21.
405 2597 580 2643 intentus]
603 2596 672 2631 mit
691 2597 743 2638 in,
763 2596 812 2630 ad
838 2595 912 2630 und
933 2595 1017 2629 dem

274 2644 386 2680 Dativ
407 2643 666 2689 gleichm'assig
686 2643 740 2678 oft
759 2642 819 2677 bei
840 2642 917 2678 Liv.
939 2652 1017 2676 ver-

273 2692 439 2727 bunden:
474 2691 523 2726 ad
554 2703 583 2726 c.
611 2694 673 2733 44,
700 2695 731 2724 2.
760 2701 788 2724 c.
817 2694 881 2732 46,
913 2693 944 2724 2.
979 2690 1019 2723 in

275 2751 304 2773 c.
332 2743 389 2783 46,
415 2742 448 2773 4.

323 2790 378 2822 22.
398 2796 486 2830 vaye
505 2786 634 2829 effusos
650 2805 691 2810 —-
710 2785 856 2828 palatos
876 2804 913 2808 —
931 2793 1017 2827 pas-

275 2833 358 2878 sim]
379 2833 469 2867 hebt
489 2832 560 2867 den
575 2831 716 2877 Begriff
732 2831 794 2866 des
815 2831 1018 2865 Zerstreut-

276 2879 372 2913 seius
399 2879 434 2913 in
460 2879 598 2914 breiter
624 2879 748 2914 Weise
774 2878 914 2912 hervor.

1137 1839 1833 1886 c.40.BeendigungdesKrieges

1089 1889 1133 1924 in
1160 1888 1362 1924 Sicilien.

1140 1940 1170 1971 1.
1187 1936 1294 1971 sociis
1308 1935 1549 1981 eoespeetatus]
1566 1935 1638 1970 Der
1646 1934 1759 1969 Dativ
1767 1934 1832 1969 der

1089 1982 1322 2018 handelnden
1348 1981 1488 2017 Person
1512 1982 1612 2017 beim
1637 1981 1765 2016 Passiv
1783 1980 1834 2016 ist

1088 2030 1149 2065 bei
1190 2030 1267 2065 Liv.
1305 2030 1344 2064 in
1385 2029 1473 2064 weit
1508 2027 1710 2074 grosserem
1746 2028 1834 2068 Um-

1089 2078 1199 2122 fange
1237 2076 1292 2111 als
1328 2076 1389 2111 bei
1421 2076 1547 2111 Cicero
1579 2074 1833 2120 angewendet,

1089 2123 1315 2159 namentlich
1364 2134 1485 2166 wenn,
1526 2121 1593 2157 wie
1631 2121 1728 2163 hier,
1773 2121 1834 2156 ein

1089 2172 1269 2206 Interesse
1296 2170 1360 2204 der
1384 2170 1522 2204 Person
1547 2180 1594 2203 an
1620 2168 1686 2203 der
1708 2168 1833 2203 Hand-

1089 2218 1180 2263 lung
1216 2217 1434 2251 bezeichnet
1471 2216 1619 2251 werden
1653 2215 1733 2250 soll.
1772 2213 1833 2257 22,

1091 2268 1145 2307 14,
1167 2267 1188 2298 9
1214 2264 1318 2299 nobis
1343 2264 1499 2299 dictator
1519 2264 1649 2298 unicus
1668 2282 1710 2288 —
1728 2273 1836 2308 quae-

1089 2312 1191 2346 situs.

1134 2359 1294 2402 primum
1327 2368 1369 2392 ac
1401 2357 1651 2403 potissimum]
1684 2355 1835 2391 formel-

1089 2405 1186 2447 haft,
1230 2404 1369 2440 sowohl
1408 2404 1458 2437 im
1498 2403 1742 2448 Komparativ
1780 2403 1835 2438 als

1091 2452 1313 2497 Superlativ.
1355 2451 1421 2493 21,
1451 2454 1510 2494 11,
1536 2455 1556 2486 6
1584 2452 1746 2495 primum
1771 2453 1836 2485 aut

1085 2500 1324 2544 potissimum.
1366 2498 1425 2541 23,
1452 2501 1510 2541 28,
1539 2502 1555 2532 1
1585 2498 1722 2532 Italiae
1746 2507 1835 2533 eura

1086 2547 1193 2591 prior
1213 2547 1413 2590 potiorque.

1141 2604 1230 2628 nova
1255 2604 1344 2637 paee
1362 2593 1570 2628 inconditas
1589 2591 1658 2637 res]
1680 2589 1752 2635 vgl.
1773 2588 1834 2632 24,

1090 2644 1147 2684 24,
1174 2645 1194 2675 2
1221 2640 1306 2675 dum
1337 2640 1485 2675 turbata
1513 2639 1637 2674 omnia
1661 2637 1757 2672 nova
1781 2640 1835 2671 at-

1091 2699 1158 2732 que
1171 2687 1361 2722 incondita
1367 2697 1460 2731 pace
1471 2689 1593 2721 essent.
1624 2684 1691 2719 Die
1705 2684 1837 2719 Unter-

1093 2734 1260 2779 werfung
1277 2734 1385 2778 (paae)
1405 2743 1481 2767 war
1501 2732 1647 2776 erfolgt,
1667 2730 1756 2766 aber
1777 2730 1836 2766 die

1091 2780 1345 2816 Verhffltnisse
1366 2780 1502 2825 infolge
1527 2778 1720 2814 derselben
1740 2778 1836 2813 noch

1091 2828 1194 2862 nicht
1219 2826 1458 2862 hinreichend
1482 2825 1671 2871 geordnet.

1138 2879 1169 2909 3.
1197 2878 1227 2908 et
1253 2874 1396 2919 adfuit]
1432 2874 1527 2908 ‘und
1561 2872 1763 2907 wirklich’.
1804 2875 1836 2907 ot
