2000 3338
138 201 164 219 a.
186 192 250 219 chr.
270 200 298 218 n.
319 194 380 218 211.
671 181 815 216 LIBER
839 181 967 217 XXVI.
1019 180 1120 216 CAP.
1150 184 1203 215 12.

1620 179 1677 220 25

137 289 297 344 Punici,
322 304 445 331 versa
471 292 574 344 erat,
600 304 687 343 suo,
713 304 801 331 non
822 289 1033 331 sociorum
1053 288 1241 344 periculo
1263 287 1483 329 sollicitos.
1532 286 1562 327 ii
1583 301 1679 328 con·
1707 298 1750 328 11

139 349 308 402 scriptis
353 348 406 389 ad
444 348 729 390 Hannibalem
772 347 927 389 litteris
967 362 1054 389 non
1097 347 1229 389 libere
1269 346 1395 388 modo
1440 345 1513 387 sed
1552 345 1680 386 etiam

139 421 301 461 aspere,
327 407 478 461 quibus
503 421 589 449 non
615 406 806 461 Capuam
833 407 969 448 solam
987 405 1192 447 traditam
1218 405 1261 446 in
1280 419 1453 446 manum
1472 404 1683 458 hostibus,

138 465 208 507 sed
242 480 285 506 se
317 480 481 520 quoque
518 468 560 507 et
590 465 847 520 praesidium
887 465 933 505 in
965 478 1110 506 omnes
1150 464 1360 505 cruciatus
1398 463 1589 517 proditos
1620 462 1682 504 in-

137 524 360 565 cusabant:
398 525 539 566 abisse
577 538 672 565 eum
709 523 755 564 in
792 522 984 563 Bruttios
1023 523 1140 562 velut
1183 523 1446 562 avertentem
1484 535 1592 575 sese,
1629 535 1682 562 ne
1711 532 1753 563 12

139 581 285 637 Capua
316 583 362 624 in
394 583 525 625 oculis
558 583 646 623 eius
679 583 922 635 caperetur3
955 582 999 620 at
1029 580 1199 621 hercule
1224 579 1440 621 Romanos
1473 594 1524 619 ne
1551 594 1682 634 oppu-

138 642 339 697 gnatione
382 641 550 696 quidem
588 640 705 681 urbis
741 639 959 680 Romanae
993 638 1184 679 abstrahi
1218 652 1242 678 a
1273 636 1421 692 Capua
1453 637 1684 679 obsidenda

136 701 350 754 potuisse:
381 702 502 741 tanto
535 698 865 740 constantiorem
897 696 1116 738 inimicum
1147 695 1388 738 Romanum
1420 710 1547 750 quam
1579 697 1683 737 ami·
1710 709 1754 739 13

138 773 232 801 cum
276 758 467 800 Poenum
510 771 612 798 esse.
674 757 709 797 si
752 756 899 797 redeat
942 753 1134 809 Capuam
1177 754 1420 809 bellumque
1465 768 1589 796 omne
1633 769 1682 796 eo

138 820 300 870 vertat,
337 819 379 858 et
419 830 462 857 se
500 818 542 856 et
573 813 814 869 Campanos
852 815 1027 868 paratos
1066 814 1277 867 eruptioni
1307 814 1409 854 fore.
1470 827 1558 855 non
1589 827 1684 854 cum
1713 825 1758 856 14

138 875 314 931 Reginis
337 871 474 929 neque
501 873 747 915 Tarentinis
780 873 939 914 bellum
967 874 1163 927 gesturos
1188 872 1396 913 transisse
1422 871 1578 926 Alpes:
1610 872 1684 913 ubi

137 934 356 977 Romanae
387 933 576 987 legiones
610 933 712 986 sint,
750 932 811 973 ibi
843 934 885 973 et
917 931 1335 985 Carthaginiensium
1377 931 1586 972 exercitus
1619 930 1687 972 de-

139 994 238 1034 bere
282 1006 386 1034 esse.
448 992 508 1033 sic
553 990 604 1032 ad
638 989 821 1045 Cannas,
866 991 925 1032 sic
970 990 1022 1031 ad
1066 989 1407 1031 Trasumennum
1445 1004 1534 1030 rem
1578 990 1686 1031 bene

139 1053 324 1107 gestam,
369 1050 572 1093 coeundo.
600 1049 941 1104 conferundoque
981 1062 1076 1090 oum
1114 1049 1237 1090 hoste
1275 1051 1433 1101 castra,
1470 1047 1688 1089 fortunam

138 1109 398 1164 temptando.
458 1110 501 1150 in
538 1109 649 1150 hanc
687 1109 941 1150 sententiam
978 1108 1148 1148 litterae
1186 1107 1451 1161 conscriptae
1488 1106 1687 1148 Numidis
1716 1118 1759 1149 15

138 1169 360 1223 proposita
400 1168 590 1210 mercede
640 1182 733 1208 eam
776 1167 980 1221 professis
1025 1181 1197 1220 operam
1241 1166 1405 1207 dantur.
1474 1165 1505 1206 ii
1549 1166 1688 1220 specie

140 1227 460 1283 transfugarum
506 1241 601 1268 cum
641 1226 693 1267 ad
730 1225 931 1267 Flaccum
969 1225 1013 1266 in
1051 1228 1192 1267 castra
1229 1225 1466 1279 venissent,
1508 1228 1556 1265 ut
1593 1224 1689 1265 inde

140 1289 332 1341 tempore
364 1289 488 1340 capto
521 1286 707 1339 abirent,
739 1284 979 1340 famesque,
1018 1297 1124 1338 quae
1162 1284 1249 1325 iam
1283 1284 1354 1324 diu
1386 1283 1556 1337 Capuae
1588 1286 1689 1333 erat,

140 1345 250 1387 nulli
286 1359 374 1386 non
410 1344 677 1399 probabilem
714 1358 886 1385 causam
923 1343 1191 1384 transitionis
1231 1343 1407 1396 faceret,
1447 1342 1598 1383 mulier
1628 1357 1689 1383 re·
1719 1352 1762 1383 16

139 1407 267 1459 pente
301 1402 519 1458 Campana
550 1403 594 1444 in
627 1405 768 1444 castra
804 1402 932 1456 venit,
973 1404 1163 1443 scortum
1199 1401 1521 1456 transfugarum
1552 1401 1691 1455 unius,

141 1462 384 1518 indicatque
409 1462 659 1517 imperatori
679 1460 873 1502 Romano
888 1460 1096 1502 Numidas
1122 1460 1268 1501 fraude
1295 1460 1533 1514 composita
1551 1462 1692 1501 trans-

140 1522 226 1564 isse
263 1522 511 1575 litterasque
544 1521 597 1562 ad
629 1519 915 1562 Hannibalem
946 1519 1074 1561 ferre:
1106 1519 1150 1560 id
1175 1534 1306 1560 unum
1340 1519 1481 1573 exiis,
1513 1519 1588 1573 qui.
1610 1518 1692 1560 sibi
1720 1528 1762 1559 17

192 1676 244 1708 11.
258 1673 288 1708 ii
301 1673 531 1717 conscriptis.
546 1699 552 1705 .
566 1701 572 1707 .
585 1672 713 1717 literis]
726 1671 790 1706 der
799 1671 882 1706 Satz

1002 1671 1221 1714 conferundo
1235 1681 1314 1705 cum
1331 1670 1441 1715 hoste]
1455 1670 1547 1712 conf.
1563 1669 1693 1704 batim

142 1719 276 1755 miisste
310 1720 438 1754 weiter
476 1720 614 1764 gehen:
657 1730 731 1754 non
775 1719 883 1753 libere

956 1717 1203 1763 eigentlichen
1235 1717 1346 1752 Sinne
1384 1717 1442 1751 die
1470 1716 1586 1751 Sache
1620 1715 1695 1751 fast

142 1768 261 1811 modo,
298 1767 359 1802 sed
389 1767 496 1802 etiam
527 1777 650 1812 aspere
670 1786 713 1791 -
739 1767 884 1800 incusa-

144 1815 241 1849 bant.
298 1813 403 1848 Doch
437 1813 488 1848 ist
518 1813 596 1848 dies
632 1812 883 1857 naturgemass

145 1861 223 1896 sich
261 1861 432 1896 bietende
464 1860 626 1895 Verbum
663 1860 807 1895 finitum
846 1860 883 1894 in

144 1907 215 1943 den
239 1907 465 1943 Relativsatz
498 1907 812 1952 herabgedrfickt,
844 1918 882 1942 so

145 1954 225 1990 dass
258 1954 317 1989 ein
351 1954 565 1989 Anakoluth
596 1954 750 1989 eintritt.
799 1954 884 1988 Erst

145 2005 164 2045 ξ
191 2005 234 2036 15
269 2003 311 2036 in
340 2002 434 2036 hanc
469 2003 680 2036 sententiam
717 2002 770 2036 lit.
802 2012 883 2036 con-

143 2050 299 2094 scriptae
323 2048 457 2083 m'mmt
481 2049 552 2083 den
572 2048 773 2084 Gedanken
797 2047 885 2083 wie-

145 2096 210 2132 der
235 2096 307 2130 auf.

192 2154 266 2178 non
290 2143 391 2178 modo
412 2163 454 2167 —
474 2143 535 2177 sed
560 2142 682 2187 etiam]
709 2142 886 2177 wechselt

145 2190 215 2225 mit
245 2200 318 2225 non
353 2191 467 2224 solum
499 2210 543 2214 —
574 2191 635 2224 sed
667 2200 803 2234 quoque
828 2190 885 2232 ab,

146 2237 314 2283 zugleich
327 2237 397 2271 mit
410 2237 492 2272 dem
506 2236 782 2280 Unterschiede‚
804 2235 885 2271 dass

146 2285 206 2319 sed
243 2285 349 2319 etiam
387 2295 510 2328 aspere
546 2283 627 2318 eine
665 2283 887 2328 Steigerung

148 2331 308 2372 enth'alt,
339 2331 516 2366 wahrend
547 2332 607 2366 sed
631 2342 767 2376 quoque
792 2331 886 2366 ohne

148 2377 229 2413 eine
253 2378 376 2413 solche
403 2378 556 2413 anreiht.

197 2429 250 2459 12.
283 2426 325 2459 in
361 2424 490 2470 oculis]
530 2441 573 2454 =
611 2425 652 2459 in
689 2427 885 2469 conspectu.

148 2472 222 2517 vgl.
239 2483 268 2506 c.
291 2475 348 2514 35,
369 2475 386 2506 7
414 2472 455 2505 in
478 2472 558 2514 foro
581 2476 685 2516 atque
704 2472 817 2507 oculis
832 2500 838 2507 .
855 2499 862 2506 .
879 2500 886 2507 .

149 2519 348 2560 consulum3
380 2518 513 2553 ebenso
540 2519 635 2553 auch
652 2519 885 2563 fibertragen.

150 2577 179 2601 c.
197 2570 252 2609 39,
274 2569 318 2600 23
337 2576 426 2610 spes,
453 2576 544 2610 quae
562 2566 603 2599 in
623 2566 736 2600 oculis
753 2566 885 2608 fuerat.

149 2626 183 2648 u.
210 2613 274 2648 oft.
325 2612 449 2647 Daher
483 2623 526 2646 ex
557 2612 670 2647 oculis
695 2628 739 2640 =
765 2623 782 2646 e
807 2622 887 2646 eon-

148 2663 270 2705 spectu
289 2670 319 2694 c.
335 2663 390 2701 19,
406 2663 424 2694 7
439 2659 513 2704 vgl.
529 2659 594 2694 sub
614 2659 727 2694 oculis
741 2669 768 2693 c.
785 2662 841 2702 38,
855 2662 888 2693 9.

199 2711 252 2742 14.
291 2707 448 2742 coeundo
485 2705 788 2751 conferundoque]
829 2705 888 2739 die

152 2765 377 2799 synonymen
412 2753 486 2788 und
517 2753 638 2799 gleich
665 2762 888 2787 zusammen-

151 2801 339 2846 gesetzten
363 2801 487 2835 Verba
521 2800 683 2845 steigern
714 2799 785 2834 den
820 2799 888 2833 Be-

151 2848 238 2893 griff
269 2848 333 2883 der
364 2847 603 2892 energischen
626 2846 829 2882 'Offensive
858 2856 886 2879 c.

151 2898 214 2938 41,
247 2899 266 2930 7
297 2898 523 2930 transeamus
559 2895 888 2938 transferamusque

153 2942 292 2976 bellum.

954 1765 1085 1800 immer
1103 1765 1154 1799 im
1174 1764 1285 1799 Dativ
1309 1766 1444 1806 (castra
1464 1764 1592 1798 castris
1612 1774 1693 1798 con-

954 1813 1074 1856 ferre),
1099 1812 1157 1847 die
1177 1811 1312 1847 Person
1338 1811 1408 1846 mit
1433 1822 1512 1846 cum
1537 1811 1596 1845 bei
1615 1810 1695 1845 sich

955 1862 1118 1902 (manum
1145 1870 1224 1894 cum
1249 1860 1344 1894 hoste
1369 1859 1462 1900 conf.
1488 1858 1524 1900 9,
1551 1862 1582 1899 5,
1611 1858 1680 1901 10.)

1005 1910 1058 1941 15.
1092 1907 1132 1940 in
1169 1907 1264 1940 hanc
1298 1905 1525 1950 sententiam]
1563 1904 1637 1949 vgl.
1664 1915 1694 1938 c.

958 1957 1012 1996 11,
1039 1957 1070 1987 2.
1092 1970 1135 1982 =
1150 1964 1188 1987 so
1209 1952 1289 1987 dass
1309 1952 1374 1986 der
1393 1951 1483 1986 Sinn
1503 1951 1697 1994 entstand3

957 2000 1111 2035 deutsch
1131 1999 1200 2034 mit
1218 2000 1371 2034 anderer
1390 1998 1630 2044 Auffassung:
1651 1999 1696 2042 [in

958 2047 1095 2082 diesem
1123 2047 1243 2081 Sinne.

1004 2097 1157 2138 tempore
1181 2093 1301 2139 capto]
1329 2093 1509 2128 nachdem
1536 2092 1587 2127 sie
1615 2091 1696 2126 eine

957 2141 1134 2186 gelegene
1161 2141 1239 2176 Zeit
1273 2140 1515 2185 ausgewahlt.
1554 2139 1589 2184 3,
1615 2143 1647 2182 9,
1676 2144 1696 2174 7

958 2189 1174 2223 insidiatum
1217 2199 1295 2222 eum
1333 2191 1364 2222 et
1402 2190 1554 2231 tempore
1592 2189 1697 2230 capto

960 2236 1126 2270 adortum
1152 2235 1418 2279 rempublicam.

1008 2287 1061 2318 16.
1080 2281 1355 2327 transfugarum
1373 2281 1500 2326 unius]
1523 2279 1596 2315 Cic.
1616 2290 1696 2315 ver-

957 2329 1088 2364 bindet
1118 2340 1214 2364 unus
1247 2329 1322 2363 und
1352 2329 1443 2364 alter
1467 2340 1535 2362 nur
1559 2327 1628 2362 mit
1652 2338 1697 2362 ex

958 2377 1033 2411 und
1065 2377 1123 2420 de,
1162 2375 1282 2411 ausser
1312 2375 1372 2410 bei
1403 2375 1696 2419 Aufzahlungen,

958 2435 1015 2458 wo
1042 2435 1080 2458 er
1105 2434 1229 2458 earum
1254 2434 1341 2465 una,
1373 2423 1487 2457 altera
1507 2424 1575 2458 etc.
1597 2419 1698 2466 sagt;

959 2471 1038 2505 Liv.
1054 2471 1120 2504 hat
1140 2471 1235 2505 auch
1254 2470 1350 2505 noch
1369 2469 1629 2514 fiberwiegend
1643 2479 1697 2512 ex,

959 2518 1053 2553 doch
1077 2518 1172 2552 auch
1203 2517 1317 2552 sehon
1341 2517 1468 2562 haufig
1492 2517 1563 2551 den
1588 2515 1698 2551 Geni—

958 2565 1034 2609 tiv,
1077 2565 1172 2600 ohne
1207 2565 1319 2610 jeden
1353 2562 1597 2599 Unterschied
1634 2563 1700 2597 der

959 2612 1188 2656 Bedeutung.
1214 2612 1288 2656 vgl.
1321 2614 1339 2653 ξ
1368 2615 1421 2646 17.
1453 2611 1493 2645 id
1517 2621 1631 2645 unum
1655 2620 1700 2644 ea:

960 2659 1018 2693 iis.
1045 2669 1075 2694 c.
1101 2662 1157 2700 33,
1185 2662 1226 2692 11
1254 2669 1375 2693 eorum
1399 2668 1495 2692 unus
1520 2658 1698 2701 pluresve.

961 2704 1040 2739 Liv.
1077 2706 1170 2739 setzt
1201 2706 1242 2739 cle
1273 2717 1341 2738 nur
1374 2704 1434 2739 bei
1460 2704 1699 2748 Truppenan-

960 2751 1100 2796 gaben,
1125 2751 1201 2785 und
1226 2751 1295 2785 mit
1319 2750 1611 2796 pronominibus.
1637 2749 1700 2793 38,

962 2802 1016 2840 54,
1043 2801 1074 2833 4.
1101 2797 1162 2841 22,
1189 2801 1245 2840 59,
1272 2801 1303 2832 9.

1007 2845 1046 2879 icl
1067 2872 1073 2878 .
1096 2871 1103 2879 .
1126 2873 1132 2879 .
1153 2844 1320 2890 arquere]
1347 2855 1422 2889 ατς).
1448 2844 1514 2879 hat
1533 2844 1601 2879 wie
1627 2853 1700 2879 mo—

960 2902 1035 2935 neo,
1051 2902 1146 2936 coyo,
1167 2901 1292 2926 accuso
1314 2891 1384 2926 den
1399 2890 1598 2936 doppelten
1612 2892 1698 2926 Acc.

962 2939 1022 2974 bei
1048 2938 1135 2983 sich,
1155 2949 1261 2973 wenn
1282 2937 1340 2973 die
1363 2938 1479 2973 Sache
1499 2939 1614 2973 durch
1634 2938 1700 2972 das
