2000 3338
283 129 339 172 82
787 130 932 164 LIBER
955 129 1086 164 XXVI.
1136 129 1238 166 CAP.
1265 134 1320 165 39.

1678 147 1704 165 a.
1725 148 1754 165 u.
1773 141 1843 167 544„

285 237 411 280 Velia
443 239 485 278 et
517 252 542 277 a
569 236 724 277 Paesto
757 235 922 276 debitas
955 249 1004 276 ex
1035 235 1204 277 foedere
1235 236 1441 290 exigendo
1473 237 1652 279 classem
1683 238 1837 293 viginti

237 304 257 335 6
283 296 474 348 navium,
501 294 613 335 sicut
638 295 735 334 ante
761 293 922 334 dictum
948 295 1032 347 est,
1058 293 1209 334 effecit.
1258 292 1359 334 huic
1385 294 1440 335 ab
1458 295 1594 350 Regio
1620 296 1838 350 profectae

236 477 254 507 7

233 651 254 683 8

211 944 253 976 10

212 1122 252 1152 11

210 1239 251 1270 12

284 353 410 394 classi
429 352 705 394 Democrates
728 365 824 393 cum
849 351 944 405 pari
967 351 1142 392 navium
1163 350 1493 393 Tarentinarum
1511 368 1686 396 numero
1714 354 1839 409 quin-

283 411 418 452 decim
450 410 570 451 milia
598 409 731 451 ferme
764 410 816 451 ab
848 409 953 450 urbe
986 409 1038 450 ad
1071 408 1364 463 Sapriportem
1396 410 1548 452 obvius
1578 412 1670 454 fuit.
1728 413 1836 454 velis

281 471 373 510 tum
404 468 517 510 forte
543 468 808 522 improvidus
839 468 974 509 futuri
1001 467 1249 509 certaminis
1267 466 1488 509 Romanus
1515 470 1730 524 veniebat3
1763 471 1837 512 sed

281 527 395 568 circa
444 525 674 569 Crotonem
720 525 1002 580 Sybarimque
1046 526 1320 580 suppleverat
1366 526 1547 581 remigio
1595 541 1725 570 naves
1774 529 1838 570 in-

282 587 572 640 structamque
623 587 666 626 et
715 587 924 626 armatam
976 585 1144 640 egregie
1195 599 1272 638 pro
1323 584 1616 639 magnitudine
1663 587 1836 628 navium

280 644 460 686 classem
491 644 690 685 habebat.
753 646 796 685 et
825 646 917 685 tum
949 642 1060 685 forte
1094 643 1171 684 sub
1204 643 1316 683 idem
1353 645 1522 696 tempus
1556 645 1598 684 et
1629 644 1743 685 venti
1772 645 1838 686 vis

281 703 419 744 omnis
453 702 605 744 cecidit
636 705 679 743 et
709 702 854 743 hostes
885 702 930 742 in
959 703 1189 755 conspectu
1221 701 1356 754 fuere,
1388 703 1436 742 ut
1467 701 1520 742 ad
1546 702 1839 755 componenda

281 763 546 802 armamenta
571 760 959 814 expediendumque
990 760 1195 814 remigem
1229 774 1278 801 ac
1309 759 1490 801 militem
1523 760 1576 800 ad
1607 760 1836 803 imminens

281 821 495 860 certamen
526 818 631 859 satis
663 818 870 872 temporis
902 820 1024 859 esset.
1077 832 1175 859 raro
1209 818 1314 859 alias
1346 818 1480 859 tantis
1513 818 1668 859 animis
1698 818 1837 861 iustae

281 877 586 918 concurrerunt
626 876 800 930 classes,
845 876 1002 930 quippe
1046 890 1141 916 cum
1185 876 1229 917 in
1272 877 1448 918 maioris
1493 876 1721 918 discrimen
1763 877 1844 932 rei,

281 949 408 990 quam
446 935 566 989 ipsae
604 938 745 988 erant,
782 936 1039 989 pugnarent:
1081 933 1321 988 Tarentini,
1358 937 1408 976 ut
1444 938 1696 989 recuperata
1732 935 1841 977 urbe

281 994 334 1035 ab
360 993 567 1035 Romanis
599 995 699 1047 post
731 993 1010 1034 centesimum
1042 1006 1175 1046 prope
1208 1006 1368 1033 annum
1401 1007 1540 1034 arcem
1573 994 1702 1035 etiam
1734 994 1837 1036 libe·

279 1055 441 1103 rarent,
475 1067 548 1106 spe
575 1054 836 1093 commeatus
864 1064 1032 1106 quoque
1063 1050 1281 1103 hostibus,
1314 1050 1349 1091 si
1374 1051 1518 1092 navali
1546 1052 1709 1105 proelio
1740 1067 1840 1106 pos-

281 1111 516 1152 sessionem
542 1111 674 1151 maris
701 1109 977 1162 ademissent,
1009 1109 1335 1163 interclusuros3
1367 1108 1573 1163 Romani,
1601 1112 1650 1151 ut
1673 1113 1840 1152 retenta

278 1169 551 1223 possessione
577 1169 687 1210 arcis
715 1168 989 1210 ostenderent
1020 1182 1108 1210 non
1138 1167 1181 1209 vi
1209 1182 1257 1209 ac
1282 1167 1457 1222 virtute,
1493 1168 1566 1209 sed
1598 1168 1839 1222 proditione

280 1242 327 1269 ac
364 1227 480 1270 furto
514 1227 747 1269 Tarentum
786 1227 1003 1269 amissum.

277 1377 543 1413 Unteritaliens
598 1388 720 1412 waren
777 1376 1021 1422 verpfiichtet,

279 1424 413 1459 Schiffe
445 1425 502 1459 fiir
526 1425 621 1460 Rom
653 1437 697 1459 zu
723 1424 866 1459 stellen.
912 1436 933 1459 a
960 1424 1019 1458 be-

277 1471 446 1506 zeichnet
483 1472 543 1507 bei
585 1472 687 1506 Velia
726 1483 794 1505 nur
831 1471 902 1506 den
943 1470 1020 1515 Ort,

276 1530 349 1554 von
387 1518 565 1553 welchem
604 1518 663 1553 die
697 1517 899 1563 Handlung
938 1529 1019 1553 aus-

277 1565 376 1610 geht.
428 1565 510 1610 Vgl.
538 1569 557 1608 g
585 1570 602 1599 1
632 1577 654 1600 a
680 1564 822 1600 Sicilia.

325 1623 368 1646 ex
410 1613 563 1658 foedere]
605 1612 699 1647 nach
744 1612 808 1646 der
846 1611 1021 1646 Matrikel

275 1660 466 1703 (formula)
503 1659 594 1694 siber
638 1659 696 1694 die
736 1658 907 1703 Stellung
948 1669 1021 1693 von

276 1706 570 1750 Kontingenten,
623 1706 763 1740 welche
812 1705 873 1740 bei
922 1705 1020 1740 allen

276 1753 606 1798 Bundesgenossen
621 1752 836 1787 vorhanden
850 1764 935 1787 war.
960 1752 1019 1796 27,

212 1838 216 1840 ,
279 1803 334 1843 10,
364 1803 384 1834 2
418 1801 543 1844 ecquid
573 1801 704 1835 milites
741 1810 790 1834 em
827 1800 1020 1842 formula

271 1850 425 1892 paratos
449 1847 628 1882 haberent.

325 1898 355 1929 6.
369 1894 413 1928 ab
426 1894 529 1939 urbe]
543 1893 709 1928 namlich
723 1903 793 1928 von
806 1893 1019 1936 Tarentum,

278 1940 358 1975 eine
381 1940 715 1983 Ausdrucksweise,
742 1939 801 1974 die
828 1940 927 1974 wohl
953 1951 1018 1975 aus

278 1987 342 2022 der
391 1987 471 2022 hier
520 1988 716 2023 benutzten
763 1987 892 2029 Quelle
941 1988 1018 2022 ent-

276 2045 448 2069 nommen
475 2035 540 2076 ist,
569 2037 670 2070 sonst
691 2035 736 2069 ab
756 2035 843 2068 urbe
863 2035 953 2069 stets
974 2051 1017 2063 =

277 2093 300 2116 a
322 2081 450 2116 Roma.

325 2129 373 2163 ad
399 2128 664 2174 Sapriportem]
697 2128 802 2162 nicht
830 2129 944 2163 n'aher
976 2141 1018 2163 zu

276 2175 544 2210 bestimmende
570 2168 805 2210 Ortlichkeit.

325 2226 355 2257 7.
376 2223 462 2257 velis
482 2243 524 2247 -
546 2222 722 2267 veniebat]
750 2221 849 2255 ‘fuhr
869 2221 937 2255 mit
957 2221 1017 2255 Se-

276 2269 374 2314 geln,
394 2272 503 2303 unter
529 2268 697 2314 Segeln’3
725 2268 783 2303 ein
809 2269 873 2302 der
892 2269 1017 2303 moda-

276 2316 336 2351 len
350 2316 570 2360 Bedeutung
589 2316 810 2361 genaherter
828 2315 947 2350 Ablat.
964 2315 1015 2350 in-

277 2365 404 2397 strum.
438 2362 498 2405 23,
514 2366 569 2405 38,
585 2367 604 2397 2
625 2374 702 2397 cum
723 2366 865 2406 praeter
886 2362 1017 2397 Cumas

275 2410 362 2444 velis
397 2410 590 2452 ferrentur.
640 2409 705 2451 28,
743 2413 804 2452 30,
847 2413 887 2443 12
932 2410 1018 2444 'velis

276 2457 526 2492 transmittere.
579 2457 629 2490 Zu
657 2458 778 2491 venire
804 2473 846 2485 =
874 2456 1015 2497 fabren,

277 2503 402 2548 segeln
428 2503 501 2548 vgl.
523 2503 582 2546 21,
601 2507 657 2547 49,
677 2507 696 2537 9
722 2503 876 2538 sublatis
902 2514 1018 2538 arma-

275 2551 406 2585 mentis
431 2551 627 2585 veniebant.

323 2598 419 2632 eirca
447 2596 631 2631 Crotonem
665 2597 918 2643 Sybarimque]
952 2597 1019 2631 mit

277 2655 343 2689 que
363 2656 407 2678 zu
428 2644 551 2678 einer
572 2643 924 2689 Ortsbestimmung:
948 2656 1016 2679 we-

276 2703 347 2735 gen
385 2690 449 2725 der
488 2691 760 2726 benachbarten
799 2691 900 2735 Lago
939 2703 1018 2726 ver-

275 2738 423 2772 bunden
450 2737 550 2782 (Syb.
578 2737 687 2773 hoisst
717 2739 820 2773 sonst
851 2737 910 2772 bei
940 2738 1016 2773 Liv.

278 2785 419 2827 Thurii)
446 2784 504 2819 die
532 2784 662 2820 Stitdte
689 2785 768 2820 sind
795 2786 889 2820 nach
917 2785 976 2828 24,
998 2790 1017 2820 3

276 2832 448 2875 punisch;
470 2832 583 2866 daher
600 2832 658 2866 die
674 2833 901 2877 Aushebung
921 2833 1017 2867 circa

279 2877 330 2912 ‘in
359 2878 421 2912 der
446 2878 678 2924 Umgegeud'
708 2879 853 2923 ersolgt.

1065 1227 1210 1280 itaque
1248 1240 1298 1267 ex
1336 1229 1515 1280 utraque
1552 1230 1674 1280 parte
1713 1228 1838 1283 signo

1141 1377 1298 1420 supplev.
1331 1377 1480 1421 remigio
1512 1377 1635 1423 naves]
1664 1378 1757 1412 statt
1785 1388 1837 1412 re-

1095 1424 1244 1468 migium
1268 1424 1417 1458 navium
1436 1424 1614 1468 supplere,
1641 1424 1710 1459 wie
1730 1424 1789 1468 23,
1805 1428 1840 1468 5,

1095 1475 1114 1505 6
1141 1471 1235 1504 nihil
1254 1482 1298 1504 ne
1317 1471 1413 1514 quod
1430 1471 1677 1514 suppleremus
1695 1473 1838 1516 quidem

1093 1518 1197 1552 nobis
1222 1518 1367 1561 reliquit
1392 1517 1545 1559 fortuna·
1559 1534 1602 1547 =
1617 1518 1740 1553 nichts
1762 1529 1840 1554 was

1094 1565 1160 1599 wir
1210 1564 1323 1598 durch
1367 1563 1589 1609 Erganzung
1637 1564 1840 1610 vollz'ahlig

1094 1611 1252 1645 macheu
1277 1611 1452 1646 konnten.

1141 1661 1172 1693 8.
1200 1659 1297 1692 venti
1316 1658 1371 1692 vis
1393 1685 1399 1692 .
1421 1686 1427 1693 .
1452 1684 1457 1690 .
1480 1658 1621 1704 cecidit]
1643 1659 1732 1694 cado
1752 1670 1836 1694 vom

1093 1704 1228 1739 Winde
1265 1704 1392 1749 haufig
1429 1703 1495 1748 29,
1528 1708 1590 1748 27,
1632 1708 1674 1739 10
1711 1709 1840 1740 ventus

1093 1752 1229 1786 cecidit.
1269 1751 1328 1794 36,
1350 1755 1406 1793 43,
1432 1756 1471 1785 11
1507 1752 1710 1786 ceciderunt
1735 1753 1841 1797 oqui-

1095 1799 1201 1833 lones.

1141 1846 1383 1890 componenda
1399 1846 1636 1891 armamenta]
1656 1845 1754 1880 ‘zum
1769 1845 1838 1881 Ge-

1093 1893 1194 1927 fecht
1218 1892 1300 1927 klar
1325 1892 1518 1934 machen’3
1554 1892 1635 1927 hier
1659 1893 1697 1927 in
1723 1894 1842 1928 erster

1091 1938 1197 1974 Linie
1244 1938 1324 1973 ‘die
1364 1939 1473 1984 Segel
1515 1939 1741 1984 einziehen',
1784 1940 1839 1975 in-

1092 1986 1222 2022 dessen
1253 1985 1468 2021 bezeichnet
1493 1990 1717 2022 armamenta
1746 1987 1838 2022 alles

1092 2044 1167 2068 was
1197 2045 1261 2067 zur
1286 2033 1475 2078 Takelage
1504 2033 1578 2068 und
1604 2035 1840 2079 Ausrfistung

1092 2080 1234 2125 gehort.

1141 2132 1171 2163 9.
1201 2128 1344 2162 iustae.
1373 2155 1379 2161 .

1091 2174 1237 2208 werden
1259 2175 1374 2208 animi
1399 2173 1605 2218 beigelegt,
1631 2173 1754 2209 indem
1777 2174 1840 2210 die

1090 2220 1377 2265 Eigenschaften
1420 2221 1484 2256 der
1523 2220 1720 2255 Menscheu
1760 2220 1837 2256 sich

1091 2269 1157 2302 auf
1173 2267 1231 2301 die
1252 2267 1386 2302 Schiffe
1407 2280 1450 2301 zu
1475 2267 1699 2312 fibertragen
1720 2267 1853 2303 schei··

1090 2325 1171 2349 nen.
1200 2314 1258 2357 10,
1273 2318 1305 2356 2,
1323 2318 1365 2348 12
1380 2325 1490 2349 naves
1505 2335 1547 2339 —
1562 2315 1690 2349 hostem
1713 2315 1838 2350 timen—

1091 2365 1148 2396 tes.
1183 2361 1243 2402 27,
1263 2365 1319 2404 31,
1341 2365 1360 2395 3
1388 2362 1513 2396 classis
1539 2361 1633 2395 laeta
1652 2373 1686 2396 u.
1708 2373 1739 2396 a.

1137 2410 1271 2452 quippe
1304 2409 1398 2454 eum]
1429 2407 1628 2443 ‘natfirlich
1654 2408 1734 2451 da'3
1771 2408 1837 2444 der

1090 2455 1268 2490 kausalen
1295 2455 1550 2500 Konjunktion
1576 2455 1625 2490 ist
1659 2467 1723 2489 zur
1746 2455 1836 2490 Her-

1093 2502 1310 2547 vorhebung
1329 2503 1392 2537 cles
1413 2501 1580 2537 Grundes
1604 2503 1736 2547 quippe
1755 2513 1835 2538 vor-

1092 2551 1249 2593 gesetzt;
1278 2550 1370 2583 auch
1398 2549 1585 2584 bisweilen
1613 2549 1670 2584 bei
1696 2548 1835 2584 Cicero.

1144 2601 1195 2630 11.
1223 2598 1259 2631 vi
1284 2608 1327 2631 ac
1352 2596 1499 2642 virtute]
1526 2595 1687 2630 beliebte
1714 2595 1834 2631 allite-

1093 2643 1258 2678 rierende
1298 2643 1555 2687 Verbindung,
1605 2642 1715 2677 meist
1764 2643 1833 2677 mit

1093 2702 1154 2733 ac,
1205 2691 1321 2725 selten
1372 2691 1441 2724 mit
1487 2694 1529 2723 ct.
1586 2688 1668 2733 vgl.
1708 2699 1738 2724 c.
1777 2693 1835 2732 37,

1093 2741 1125 2772 2.
1167 2737 1296 2771 ‘durch
1336 2737 1476 2781 mntigv
1512 2735 1638 2770 Thai).
1691 2735 1834 2781 Gegen-

1094 2787 1185 2818 satz:
1212 2784 1421 2828 proditione
1448 2794 1491 2817 ac
1515 2783 1615 2824 furto
1636 2799 1679 2812 =
1703 2783 1833 2819 ‘durch

1091 2831 1306 2865 ttickischen
1335 2830 1495 2865 Verrat’.

1139 2878 1254 2922 furto]
1286 2876 1501 2912 bezeichnet
1526 2876 1741 2918 heimliche,
1770 2877 1839 2912 aus

1409 2156 1414 2160 .
1437 2126 1581 2172 classes]
1608 2126 1686 2162 Den
1711 2127 1839 2162 classes
