2000 3338
225 154 282 195 90
744 147 890 183 LIBER
914 147 1044 182 XXVI.
1096 146 1198 182 CAP.
1224 150 1280 180 41.

1621 163 1647 180 a.
1668 162 1697 180 u.
1716 155 1776 181 544.

226 259 386 302 Bruttii
423 257 685 310 compulsus,
721 254 832 295 nihil
867 253 956 294 iam
993 253 1132 294 maius
1171 254 1368 305 precatur
1405 252 1524 306 deos,
1564 267 1692 308 quam
1730 253 1777 293 ut

156 330 199 361 17
226 316 427 360 incolumi
470 314 616 356 cedere
661 315 788 366 atque
831 311 947 352 abire
993 325 1044 352 ex
1085 310 1274 352 hostium
1311 312 1429 351 terra
1470 311 1608 352 liceat.
1676 309 1778 365 quid

157 678 197 709 18

157 912 198 942 19

153 1086 201 1117 20

225 377 360 430 igitur
391 373 532 414 minus
565 371 808 424 conveniat,
839 369 1016 423 milites,
1060 382 1205 423 quam,
1243 382 1338 409 cum
1370 368 1481 409 aliae
1513 383 1640 423 super
1672 368 1776 410 alias

225 433 367 475 clades
399 430 735 482 cumularentur,
767 443 816 470 ae
848 427 890 469 di
921 441 1055 481 prope
1086 427 1171 480 ipsi
1203 440 1299 468 cum
1330 425 1570 467 Hannibale
1602 428 1779 479 starent,

225 506 300 533 vos
331 490 400 531 hic
433 503 528 531 cum
559 487 811 543 parentibus
838 486 944 527 meis
969 509 1018 514 —
1048 487 1283 540 aequentur
1309 484 1424 526 enim
1455 485 1584 525 etiam
1613 484 1779 527 honore

224 549 408 591 nominis
430 571 483 578 -—
507 546 760 588 sustinuisse
786 545 1007 586 labantem
1032 543 1249 585 fortunam
1274 542 1423 597 populi
1442 542 1644 595 Romani3
1669 557 1781 584 nunc

225 607 413 660 eosdem,
458 620 553 648 cum
591 605 679 646 illic
718 604 863 646 omnia
900 602 1085 644 secunda
1125 602 1322 655 laetaque
1362 603 1478 654 sunt,
1521 600 1676 642 animis
1713 601 1781 642 de-

223 665 378 708 ficere?
415 678 550 718 nuper
588 677 754 718 quoque
793 676 899 716 quae
937 661 1197 713 aeciderunt,
1235 660 1399 701 utinam
1437 661 1527 700 tam
1565 659 1656 700 sine
1687 672 1782 700 meo

226 726 343 767 luctu
371 738 498 778 quam
516 721 540 747 '³‘
553 720 621 762 *²¹2
658 736 771 762 nunc
791 721 850 762 dii
870 719 1136 761 immortales
1157 718 1326 773 imperii
1346 717 1529 759 Romani
1554 716 1784 772 praesides,

226 783 299 838 qui
330 781 531 824 centuriis
565 779 781 832 omnibus,
816 781 865 819 ut
895 778 1000 818 mihi
1031 777 1258 831 imperium
1290 777 1487 819 iuberent
1518 775 1629 829 dari,
1666 775 1784 817 fuere

225 843 441 892 auctores,
481 839 608 879 iidem
649 837 840 891 auguriis
880 835 1163 889 auspiciisque
1202 839 1244 876 et
1281 850 1357 889 per
1392 837 1623 876 nocturnos
1657 834 1785 875 etiam

226 900 342 940 visus
388 897 533 939 omnia
576 896 689 937 laeta
727 909 775 936 ac
819 908 1026 948 prospera
1069 893 1344 947 portendunt.
1406 893 1572 934 animus
1617 905 1786 947 quoque

227 972 365 1010 meus,
396 955 606 997 maximus
638 953 745 995 mihi
776 952 828 994 ad
859 952 942 994 hoc
973 955 1145 1005 tempus
1172 954 1310 1004 vates,
1341 951 1560 1006 praesagit
1589 954 1785 993 nostram

224 1014 484 1070 Hispaniam
528 1027 638 1067 esse,
685 1012 805 1053 brevi
849 1013 1018 1052 extorre
1062 1009 1161 1051 hinc
1211 1023 1338 1052 omne
1380 1008 1587 1051 Punicum
1629 1022 1786 1051 nomen

227 1074 365 1116 maria
390 1076 610 1126 terrasque
635 1071 761 1112 foeda
785 1070 891 1124 fuga
916 1069 1204 1123 impleturum.
1250 1067 1363 1122 quod
1387 1082 1508 1109 mens
1529 1082 1607 1109 sua
1632 1068 1785 1121 sponte

227 1133 410 1182 divinat,
454 1131 565 1172 idem
607 1129 765 1171 subicit
800 1128 911 1170 ratio
948 1127 1064 1169 haud
1101 1126 1246 1168 fallax.
1315 1126 1456 1168 vexati
1493 1126 1546 1167 ab
1590 1125 1643 1166 iis
1682 1125 1788 1167 socii

1043 1265 1169 1298 quam
1202 1264 1284 1298 pro
1316 1256 1460 1287 aetate
1497 1263 1585 1287 mea
1623 1251 1790 1286 verloren

1044 1311 1239 1346 gegangen
1258 1300 1318 1335 ist.
1352 1300 1422 1334 Zur
1436 1298 1705 1344 Widerlegung
1724 1297 1788 1332 des

1045 1346 1266 1390 Vorwurfes,
1293 1345 1374 1381 dass
1394 1357 1432 1381 er
1448 1346 1542 1391 jung
1561 1347 1625 1388 sei,
1646 1344 1790 1380 scheint

274 1262 314 1294 ut
339 1257 527 1302 ineolumi]
555 1257 620 1291 das
647 1255 824 1300 Adjektiv
848 1255 887 1289 in
907 1256 970 1289 At-

227 1305 392 1341 traktion
424 1315 471 1338 an
505 1304 575 1338 den
603 1303 664 1338 bei
689 1304 768 1338 licet
793 1301 971 1337 erforder-

228 1353 351 1388 lichen
372 1351 484 1386 Dativ
510 1351 575 1385 der
599 1350 736 1384 Person
761 1349 862 1384 steht
886 1349 972 1383 wie-

226 1399 375 1435 derholt
415 1397 475 1433 bei
513 1397 591 1431 Liv.
629 1398 724 1431 trotz
762 1396 826 1431 der
858 1396 972 1440 Weg-

228 1448 380 1490 lassung
400 1445 492 1480 eben
512 1444 631 1478 dieses
646 1443 816 1483 Datives;
837 1442 973 1487 jedoch

229 1492 454 1528 beschr'ankt
474 1491 539 1525 auf
557 1491 628 1524 den
642 1489 734 1533 Fall,
755 1489 834 1524 dass
855 1489 974 1524 dieser

229 1540 341 1575 Dativ
383 1539 447 1574 der
484 1538 548 1573 des
587 1537 695 1572 Pron.
731 1537 876 1572 Person.
915 1535 974 1570 ist.

228 1588 264 1630 3,
285 1591 341 1629 50,
363 1589 383 1621 6
409 1586 442 1620 si
468 1586 599 1620 liberae
624 1585 739 1619 vivere
765 1604 808 1608 —
835 1583 975 1618 licitum

226 1635 368 1678 fuisset.

280 1696 334 1726 17.
361 1691 450 1736 quid
481 1691 594 1735 iyitur
622 1690 744 1723 minus
769 1688 973 1733 conveniat]

233 1739 297 1774 ‘da
316 1738 378 1773 Ihr
397 1749 435 1772 es
460 1737 512 1772 im
531 1735 704 1781 Ungli‘ick
733 1735 975 1780 ausgehalten

231 1786 334 1829 habt,
361 1785 488 1820 solltet
513 1784 574 1818 Ihr
600 1795 638 1817 es
658 1783 709 1817 im
730 1782 852 1817 Glfiok
870 1782 976 1816 nicht

216 1832 418 1867 konnen?
447 1833 706 1875 argumentum
727 1841 749 1864 a
768 1828 907 1864 maiore
928 1828 975 1863 ad

232 1879 369 1914 minus:
405 1877 468 1912 An
499 1888 558 1912 vos
584 1877 763 1912 labantem
788 1877 976 1918 fortunam

230 1926 477 1968 sustinuistis,
511 1925 606 1959 laeta
631 1935 673 1958 ae
699 1934 878 1967 prospera
902 1923 975 1965 for-

231 1977 324 2008 tuna
350 1973 484 2007 animis
509 1969 705 2014 deficietis?

280 2037 361 2061 cum
383 2026 432 2060 H.
452 2023 604 2068 starent]
627 2035 690 2057 zur
708 2021 979 2058 Konstrukt-ion

231 2073 307 2118 vgl,
335 2071 400 2115 ⁶23,
427 2076 459 2114 8,
487 2075 506 2105 3
533 2081 625 2105 eum
657 2081 738 2114 quo
762 2070 979 2112 ferocissime

229 2130 311 2164 pro
351 2118 520 2153 Romana
563 2118 727 2152 societate
770 2117 981 2151 adversus

237 2166 423 2200 Punicum
449 2165 574 2207 foedus
599 2167 752 2199 steterat.

282 2220 414 2254 honore
452 2216 624 2262 nominis]
661 2216 719 2251 die
756 2215 981 2261 eigentliche

234 2264 470 2300 Amtswfirde
500 2265 646 2306 (honor)
679 2273 755 2297 war
788 2262 891 2297 nicht
921 2261 982 2296 bei

234 2313 369 2348 beiden
409 2311 548 2356 gleich3
587 2311 660 2355 vgl.
694 2321 724 2344 c.
750 2313 788 2352 2,
816 2313 854 2352 ὃς
895 2308 983 2343 aber

236 2360 296 2393 die
323 2359 440 2393 ihrem
468 2357 673 2392 Andenken
698 2356 858 2401 gezollte
884 2355 980 2390 Ebre

236 2407 288 2447 (h.
318 2406 489 2448 nominis)
518 2404 587 2439 soll
613 2404 736 2449 gleich
763 2403 850 2438 sein.

286 2463 442 2509 eosdem]
495 2462 629 2496 nimmt
678 2462 742 2496 das
786 2472 982 2506 vorausge-

237 2522 407 2557 gangene
447 2520 506 2544 vos
544 2509 612 2544 mit
647 2508 871 2543 Nachdruck
909 2507 984 2542 und

239 2558 358 2593 einem
396 2557 574 2602 gewissen
608 2556 813 2600 Gegensatz
849 2555 985 2590 wieder

239 2605 319 2640 auf:
347 2604 442 2649 jetzt
470 2603 648 2648 dagegen.
676 2607 694 2645 ξ
718 2606 759 2637 18
787 2603 904 2637 iidem.
950 2601 984 2644 ⁸3,

242 2657 296 2695 12,
317 2655 338 2686 2
355 2651 533 2696 populum
548 2650 754 2686 Romanum
767 2650 985 2691 servientem,

243 2720 282 2724 —
312 2699 464 2733 liberum
489 2698 649 2732 eundem.

280 2761 333 2792 18.
342 2758 418 2792 sine
429 2767 502 2791 meo
513 2757 612 2790 luctu
623 2755 745 2800 quam]
755 2753 900 2789 Hierist
907 2754 987 2789 eine

245 2804 369 2839 Liicke
395 2804 432 2838 in
456 2803 527 2838 den
547 2801 847 2845 Handschriften‚
872 2801 988 2836 durch

243 2851 381 2885 welche
402 2851 466 2884 der
482 2842 723 2893 Ubergang
743 2861 835 2883 zum
859 2848 987 2882 zwei-

242 2901 316 2933 ten
362 2897 511 2931 Teile:
561 2897 701 2930 maius
750 2895 989 2931 consilium

1045 1394 1110 1429 der
1141 1394 1288 1429 Redner
1319 1393 1398 1428 sich
1429 1393 1494 1427 auf
1520 1393 1589 1427 den
1621 1392 1700 1427 ihm
1730 1391 1791 1426 be·

1046 1440 1196 1475 sonders
1221 1439 1553 1485 eigentfimlichen,
1583 1437 1791 1484 gottliehen

1046 1488 1222 1522 Beistand
1248 1487 1404 1522 berufen
1430 1499 1474 1521 zu
1498 1487 1630 1521 haben.

1093 1549 1290 1581 nocturnos
1310 1545 1423 1591 visus]
1446 1544 1556 1580 Silius
1570 1544 1721 1579 Italicus
1739 1552 1792 1578 er-

1048 1593 1149 1628 zahlt
1167 1592 1398 1627 ausfuhrlich
1411 1602 1483 1627 von
1497 1591 1618 1626 einem
1632 1591 1791 1625 Traume

1047 1640 1112 1674 des
1145 1639 1286 1683 Scipio,
1325 1639 1362 1673 in
1400 1638 1580 1673 welchem
1617 1637 1695 1672 sein
1730 1647 1790 1681 ge-

1048 1686 1203 1721 fallener
1222 1686 1338 1720 Vater
1356 1685 1422 1720 ihn
1441 1697 1485 1720 zu
1505 1685 1644 1720 seinem
1659 1684 1791 1719 Unter-

1047 1734 1206 1768 nehmen
1233 1732 1494 1768 aufmunterte.

1094 1787 1219 1821 omnia
1239 1786 1334 1820 laeta
1353 1796 1396 1820 ac
1410 1784 1552 1830 prosp]
1579 1783 1671 1818 alles
1690 1786 1794 1827 mog-

1048 1833 1143 1868 liche
1158 1832 1266 1875 Gute‚
1284 1844 1353 1867 nur
1367 1831 1481 1867 Gutes
1496 1831 1571 1865 und
1586 1829 1794 1874 Gunstiges.

1049 1880 1114 1923 24,
1145 1884 1205 1923 16,
1237 1883 1279 1914 10
1305 1890 1385 1914 cum
1413 1899 1454 1903 —
1482 1879 1576 1913 bona
1601 1877 1724 1912 omnia
1749 1895 1793 1901 —

1045 1930 1296 1972 precarentur.

1096 1978 1333 2025 portendunt]
1354 1979 1468 2013 alicui
1487 1977 1596 2021 aliqd.
1616 1979 1710 2020 port.
1731 1985 1796 2009 aus

1051 2027 1116 2062 der
1130 2025 1419 2070 Sakralsprache
1439 2024 1620 2065 entlehnt,
1640 2034 1708 2057 nur
1725 2033 1797 2057 von

1054 2074 1199 2118 Dingen
1213 2072 1413 2117 gottlicher
1422 2071 1719 2114 Vorbedeutung.
1736 2068 1796 2112 21,

1053 2125 1110 2163 29,
1136 2124 1157 2154 4
1183 2120 1372 2154 victoriam
1399 2118 1577 2153 Romanis
1597 2115 1793 2161 portendit.

1054 2167 1114 2210 29,
1138 2171 1191 2209 11,
1212 2171 1232 2201 5
1251 2166 1470 2207 (oraculum)
1488 2175 1596 2209 quam
1615 2163 1686 2198 sibi
1701 2173 1797 2207 spem

1050 2215 1258 2258 populoque
1283 2213 1449 2247 Romano
1469 2211 1708 2256 portenderet.

1098 2271 1308 2317 praesayit]
1338 2273 1627 2314 vorausspx'iren,
1659 2269 1797 2309 ahuem

1054 2319 1229 2354 meistens
1254 2319 1399 2352 animus
1426 2317 1623 2361 praesayit.
1651 2314 1712 2357 25,
1741 2318 1798 2358 35,

1055 2371 1086 2401 3.
1114 2366 1174 2409 29,
1199 2369 1252 2405 10,
1274 2369 1303 2399 7.
1348 2364 1451 2399 Doch
1471 2363 1566 2398 auch
1588 2362 1800 2407 praesayire

1055 2414 1187 2448 auimo.
1215 2412 1274 2456 30,
1301 2415 1357 2454 20,
1385 2415 1416 2446 5.

1104 2475 1159 2506 20.
1174 2482 1241 2506 sua
1255 2470 1394 2515 sponte]
1405 2469 1531 2513 hiiufig
1543 2479 1613 2503 von
1623 2467 1799 2509 leblosen‚

1058 2518 1298 2553 unbeseelten
1316 2517 1460 2561 Dingen
1481 2532 1524 2545 -—-
1546 2515 1640 2549 ohne
1656 2513 1800 2549 {iussere

1059 2566 1343 2609 Veranlassung.
1391 2576 1419 2599 c.
1447 2567 1509 2605 45,
1538 2565 1559 2596 8
1584 2573 1652 2596 sua
1677 2563 1802 2605 sponte

1059 2613 1198 2648 cedente
1235 2612 1275 2646 in
1306 2623 1405 2646 mare
1436 2614 1544 2644 aestu.
1588 2608 1653 2651 27,
1690 2611 1748 2650 11,
1780 2610 1800 2642 3

1058 2661 1202 2704 siynum
1229 2679 1273 2684 —
1298 2660 1338 2693 in
1382 2668 1527 2692 manum
1570 2666 1639 2690 sua
1678 2657 1803 2698 sponte

1059 2707 1256 2751 delapsum.
1280 2706 1315 2749 9,
1330 2709 1386 2747 41,
1404 2708 1443 2739 17
1457 2704 1590 2738 clamor
1599 2713 1667 2737 sua
1677 2704 1802 2745 sponte

1059 2757 1170 2788 ortus.

1111 2800 1156 2834 Es
1177 2799 1272 2844 folgt
1291 2798 1356 2832 der
1376 2797 1503 2832 zweite
1526 2794 1663 2830 Beweis
1683 2794 1801 2836 daftir,

1062 2846 1141 2881 dals
1149 2847 1213 2881 der
1222 2845 1365 2880 Redner
1377 2844 1434 2878 fiir
1442 2843 1520 2878 sein
1530 2842 1804 2878 Unternehmeu

1062 2893 1164 2928 nicht
1184 2905 1228 2927 zu
1245 2892 1338 2936 jung
1359 2891 1422 2933 sei,
1443 2889 1645 2925 bestehend
1667 2889 1702 2923 in
1719 2888 1804 2923 Mit-
