2000 3338
181 828 223 859 13
251 815 385 856 seriae
423 829 526 856 esse.

177 1346 230 1387 18

255 123 310 164 38
750 124 894 159 LIBER
918 124 1048 159 XXVI.
1099 124 1201 160 CAP.
1231 129 1282 160 17.
1311 129 1364 160 18.

1648 141 1674 159 a.
1697 141 1725 159 u.
1744 134 1804 160 543.

186 242 227 274 11
254 233 298 273 et
328 231 435 273 alios
467 230 699 272 emittendi.
748 244 826 271 nec
857 232 1028 283 postero
1062 229 1127 271 die
1159 244 1224 271 res
1257 231 1384 272 finem
1413 231 1587 273 invenit.
1636 231 1698 272 ita
1730 231 1803 272 ali-

255 292 360 344 quot
398 289 484 330 dies
523 287 796 341 disceptando
835 288 978 341 palam
1004 287 1054 328 de
1092 287 1258 342 legibus
1296 291 1524 343 noctesque
1556 290 1801 332 emittendis

254 349 362 389 clam
386 361 407 388 e
434 347 585 387 castris
607 344 1033 400 Carthaginiensibus
1061 346 1323 399 absumptae.
1375 348 1416 388 et
1447 350 1671 403 postquam
1704 363 1802 403 pars

253 406 387 446 maior
423 404 578 445 emissa
615 404 824 446 exercitus
863 406 971 458 erat,
1014 404 1100 446 iam
1137 418 1189 445 ne
1228 405 1280 445 iis
1319 404 1506 459 quidem,
1544 421 1651 460 quae
1689 408 1800 450 ultro

252 463 364 504 dicta
401 465 540 516 erant,
581 463 791 517 stabatur,
831 463 1051 517 minusque
1089 477 1137 504 ac
1174 462 1313 505 minus
1351 477 1447 504 cum
1483 464 1635 506 timore
1675 466 1802 508 simul

184 534 224 565 12
252 521 333 562 fide
354 521 621 563 decrescente
641 521 932 563 conveniebat.
979 522 1065 563 iam
1091 521 1222 563 ferme
1248 522 1464 575 pedestres
1490 536 1636 564 omnes
1656 524 1802 578 copiae

254 582 477 621 evaserant
503 594 524 622 e
551 580 681 634 saltu,
709 595 805 622 cum
829 581 968 634 prima
993 581 1086 622 luce
1113 579 1244 622 densa
1268 580 1425 622 nebula
1452 580 1608 622 saltum
1635 596 1801 624 omnem

254 653 508 693 camposque
538 639 651 681 circa
681 639 844 681 intexit.
893 639 1005 694 quod
1036 639 1108 681 ubi
1140 639 1272 681 sensit
1297 638 1560 693 Hasdrubal,
1591 639 1726 681 mittit
1750 641 1802 682 ad

252 696 468 739 Neronem
511 697 582 752 qui
624 698 669 739 in
712 700 929 751 posterum
975 697 1084 739 diem
1129 698 1388 753 colloquium
1431 698 1635 740 differret:
1682 698 1803 740 illum

254 755 363 797 diem
400 756 647 810 religiosum
680 754 1108 811 Carthaginiensibus
1147 756 1199 797 ad
1237 756 1448 812 agendum
1486 757 1713 811 quicquam
1743 757 1804 798 rei

586 828 638 855 ne
675 816 766 855 tum
805 814 975 868 quidem
1007 817 1204 869 suspecta
1241 815 1370 857 fraus.

1431 830 1526 857 cum
1559 819 1671 857 esset
1703 815 1803 858 data

252 872 372 914 venia
398 873 487 914 eius
513 872 612 927 diei,
640 873 850 926 extemplo
871 872 1114 914 Hasdrubal
1139 888 1233 914 cum
1260 874 1451 928 equitatu
1478 875 1802 929 elephantisque

182 945 225 975 14
251 931 402 973 castris
427 945 640 986 egressus,
667 932 755 973 sine
782 931 868 973 ullo
895 931 1082 973 tumultu
1107 931 1151 972 in
1177 935 1317 973 tutum
1344 933 1490 974 evasit.
1539 933 1646 975 hora
1672 933 1803 975 ferme

251 992 405 1044 quarta
442 990 633 1045 dispulsa
671 991 759 1032 sole
797 990 954 1032 nebula
986 990 1151 1045 aperuit
1189 990 1317 1044 diem,
1359 1006 1576 1046 vacuaque
1613 992 1803 1034 hostium

180 1061 222 1093 15
249 1052 391 1091 castra
428 1051 737 1103 conspexerunt
774 1048 968 1090 Romani.

1030 1053 1121 1090 tum
1160 1049 1328 1090 demum
1361 1047 1562 1092 Claudius
1600 1050 1802 1093 Punicam

247 1107 439 1150 fraudem
478 1121 731 1163 agnoscens,
769 1109 816 1149 ut
854 1122 897 1149 se
936 1107 1032 1150 dolo
1065 1110 1235 1163 captum
1275 1108 1426 1163 sensit,
1461 1109 1802 1162 proficiscentem

246 1167 409 1208 institit
446 1167 583 1221 sequi,
620 1169 798 1221 paratus
839 1166 1065 1221 confligere
1104 1167 1210 1209 acie:
1250 1166 1324 1208 sed
1361 1167 1497 1209 hostis
1536 1168 1803 1210 detractabat

178 1238 219 1269 1ss
246 1239 447 1281 pugnam.
495 1225 605 1266 levia
636 1228 780 1267 tamen
811 1225 976 1280 proelia
1008 1227 1119 1267 inter
1150 1227 1385 1267 extremum
1411 1225 1616 1268 Punicum
1649 1240 1802 1282 agmen

245 1298 627 1339 praecursoresque
661 1283 954 1326 Romanorum
987 1285 1158 1326 fiebant.

363 1342 481 1384 Inter
506 1343 610 1385 haec
630 1342 865 1397 Hispaniae
892 1344 1037 1398 populi
1056 1358 1151 1397 nec,
1180 1343 1251 1398 qui
1277 1346 1375 1398 post
1395 1344 1556 1385 cladem
1583 1347 1800 1398 acceptam

199 1415 218 1444 2
247 1401 505 1452 defecerant,
538 1402 736 1444 redibant
763 1402 816 1443 ad
836 1402 1071 1457 Romanos,
1103 1417 1179 1444 nec
1211 1402 1288 1443 ulli
1314 1403 1416 1445 novi
1449 1403 1714 1445 deficiebant.
1759 1406 1802 1446 et

245 1460 408 1502 Romae
441 1461 608 1502 senatui
646 1461 888 1515 populoque
927 1464 1025 1515 post
1056 1464 1271 1515 receptam
1305 1459 1497 1516 Capuam
1528 1474 1616 1503 non
1646 1462 1800 1504 Italiae

244 1520 330 1561 iam
362 1519 499 1561 maior
531 1534 659 1574 quam
690 1519 928 1574 Hispaniae
960 1535 1060 1562 cura
1093 1523 1195 1562 erat.
1246 1523 1287 1561 et
1319 1520 1549 1562 exercitum
1581 1521 1727 1576 augeri
1759 1524 1801 1563 et

294 1616 346 1647 11.
374 1623 436 1646 nee
464 1633 506 1637 —
532 1622 586 1646 res
613 1612 719 1654 finem
744 1612 897 1658 invenit]
927 1612 985 1647 die

244 1659 512 1704 Verbandlung
544 1658 723 1694 erreichte
755 1659 841 1694 kein
870 1659 985 1694 Ende.

243 1707 328 1752 Vgl.
352 1706 386 1751 8,
416 1710 468 1749 13,
498 1710 536 1740 11
565 1716 620 1740 res
645 1706 699 1740 acl
722 1706 828 1749 finem
854 1707 985 1742 venit.

244 1754 278 1797 ὅ,
311 1757 366 1797 51,
400 1757 419 1788 6
453 1753 580 1788 bellum
612 1753 717 1796 finem
748 1754 872 1797 cepit.
925 1753 985 1796 25,

224 1804 301 1844 23,
331 1804 347 1834 1
381 1800 651 1846 Syracusarum
684 1801 907 1845 oppuyvatio
933 1802 986 1836 ad

242 1849 379 1891 finem
405 1848 537 1882 venit.

289 1896 364 1930 iam
397 1915 440 1919 ——
469 1893 648 1939 stabatur]
688 1905 774 1929 man
807 1893 986 1939 (namlich

243 1942 389 1986 Hasdr.)
410 1941 508 1976 band
523 1941 600 1976 sich
613 1942 717 1976 nicht
731 1941 867 1976 einmal
881 1942 986 1977 mehr

243 2001 291 2024 an
323 1988 383 2024 die
414 1988 604 2033 freiwillig
636 1990 670 2032 (ἓ
697 1991 731 2032 5)
764 1989 986 2033 gemaehten

243 2035 506 2081 Versprechen.
551 2039 647 2070 stare
672 2036 738 2070 hat
761 2035 813 2070 im
833 2036 985 2071 Ablativ

244 2084 304 2118 die
337 2083 454 2118 sache
492 2083 552 2118 bei
592 2082 686 2125 sich,
725 2083 864 2118 welche
900 2094 986 2118 man

245 2142 308 2165 zur
322 2130 534 2175 Grundlage
561 2130 678 2164 seines
698 2130 840 2172 Thuns,
868 2131 986 2165 seiuer

243 2177 556 2221 Verhandlungen
588 2176 730 2211 nimmt.
781 2176 847 2220 21,
878 2181 935 2221 19,
964 2181 985 2211 4

242 2225 380 2268 foedere
410 2228 451 2259 st.
491 2224 526 2267 3,
558 2227 613 2267 36,
647 2227 667 2258 8
705 2224 841 2259 decreto
879 2228 985 2267 stare,

238 2273 418 2316 promisso
447 2274 542 2306 stare
567 2283 600 2305 ιι.
628 2283 654 2305 s.
682 2282 724 2305 w.

294 2323 347 2354 12.
369 2319 572 2363 reliyioszmt
593 2318 656 2362 acl]
674 2317 742 2352 ‘sei
758 2329 883 2363 wegen
903 2318 985 2353 reli·

244 2366 363 2410 gioser
374 2365 478 2400 Feier
492 2365 594 2400 nicht
607 2364 779 2410 geeignet
794 2365 863 2400 zu.'
893 2365 985 2400 Dem

244 2412 401 2458 Begriffe
419 2412 688 2457 „ungeeignet‘
702 2412 907 2456 entspricht
926 2412 984 2447 die

246 2460 478 2505 Praposition
505 2460 562 2494 ad.
604 2459 685 2504 Vgl.
707 2459 766 2502 37,
788 2463 843 2502 33,
865 2464 884 2494 6
911 2460 986 2494 dies

241 2508 334 2550 sorte
349 2536 355 2542 .
372 2534 378 2541 .
395 2533 401 2541 .
418 2507 577 2551 reliqiosi
602 2508 650 2541 ad
675 2508 743 2542 'iter
769 2507 983 2543 inciderant.

294 2558 345 2589 13.
372 2555 460 2589 data
487 2555 589 2588 venia
616 2555 692 2589 eius
717 2553 805 2599 diei]
836 2553 904 2588 ‘als
924 2554 983 2588 die

243 2601 567 2646 Entschuldigung
588 2611 713 2645 wegen
735 2600 851 2635 dieses
866 2601 984 2645 Tages

243 2659 511 2694 angenommen
527 2648 633 2691 wal-3'
652 2648 719 2683 mit
733 2660 775 2681 zu
790 2651 983 2692 erganzen-

244 2697 327 2731 dem
342 2695 452 2730 Dativ
479 2695 543 2730 der
562 2694 714 2738 Person,
742 2695 900 2730 welcher
925 2695 984 2730 die

244 2744 348 2778 reaia
375 2742 498 2778 erteilt
523 2742 624 2777 wird.
659 2742 826 2786 27‚13‚8
853 2743 986 2778 clamor

245 2793 355 2831 ortus,
382 2794 419 2824 ut
445 2791 585 2824 reniam
612 2791 687 2824 etus
712 2790 784 2824 <liei
810 2790 921 2825 daret.

295 2841 346 2870 14.
359 2838 523 2881 dispulsa
537 2838 607 2871 sole
621 2837 767 2882 nebula]
781 2837 845 2872 der
858 2836 985 2878 Nebel,

245 2882 367 2918 iudem
413 2895 450 2918 er
493 2884 605 2918 durch
651 2884 709 2919 die
748 2885 868 2919 Sonne
907 2895 983 2918 ver-

1058 1612 1236 1647 scheucht
1252 1613 1386 1654 wurde,
1407 1612 1559 1648 brachte
1581 1613 1645 1648 das
1661 1613 1799 1658 Tages-

1058 1659 1151 1694 licht
1173 1671 1253 1694 zum
1274 1659 1525 1704 Durchbruch,
1549 1661 1695 1695 machte
1716 1661 1799 1695 dem

1059 1706 1292 1752 Tageslichte
1312 1706 1426 1741 Platz.
1466 1706 1525 1750 22,
1546 1710 1578 1749 8,
1600 1712 1619 1742 9
1645 1718 1725 1743 cum
1744 1709 1799 1742 in-

1059 1755 1248 1789 calescente
1272 1754 1342 1789 sole
1367 1754 1532 1798 dispulsa
1563 1755 1693 1790 nebula
1719 1766 1800 1800 ape-

1062 1802 1191 1836 ruisset
1216 1801 1319 1836 diem.

1110 1852 1162 1883 15.
1180 1848 1361 1883 Punicam
1381 1848 1563 1893 fraudem]
1580 1848 1638 1883 die
1653 1849 1799 1893 haufige

1059 1895 1302 1940 Anwendung
1333 1906 1404 1931 von
1437 1895 1681 1941 Kriegslisten
1713 1895 1801 1931 lasst

1058 1941 1096 1976 in
1127 1942 1192 1977 der
1222 1942 1430 1977 romischen
1456 1942 1696 1988 Beurteilung
1728 1943 1801 1978 den

1060 1989 1265 2025 Charakter
1279 1989 1343 2024 der
1356 1989 1491 2024 Punier
1505 1991 1595 2024 stets
1610 1990 1663 2025 als
1683 1990 1798 2025 heim-

1058 2036 1228 2071 tiickisch
1242 2036 1316 2071 und
1330 2036 1555 2081 hinterlistig
1565 2037 1798 2079 erscheinen3

1059 2084 1172 2118 daher
1181 2083 1489 2128 spi-iehwortlich:
1505 2084 1628 2129 rele'qio
1640 2084 1797 2126 Punica,

1054 2131 1231 2175 perfidia,
1256 2131 1343 2173 fides
1372 2130 1528 2165 Pum'ca.

1103 2178 1370 2223 praecursores]
1399 2194 1441 2206 =
1463 2178 1623 2221 primum.
1659 2188 1797 2223 aymen,

1058 2235 1129 2259 von
1144 2224 1220 2259 Liv.
1237 2236 1304 2258 nur
1324 2225 1403 2259 hier
1417 2224 1674 2269 angewendet;
1697 2227 1799 2260 sonst

1059 2272 1095 2306 in
1140 2271 1381 2316 cigentlicher
1423 2271 1498 2306 und
1536 2271 1799 2317 fibertragener

1060 2318 1276 2363 Bedeutung
1303 2335 1345 2347 =
1374 2318 1578 2354 Vorliiufer.

1106 2377 1134 2400 c.
1168 2365 1342 2409 18—20,
1380 2365 1412 2400 6.
1478 2365 1654 2410 Scipios
1693 2365 1798 2401 Sen-

1059 2413 1176 2457 dung
1199 2413 1312 2448 nach
1333 2412 1529 2457 Spanien
1550 2413 1633 2447 und
1654 2416 1798 2448 erstes

1059 2459 1299 2495 Auftreten
1326 2460 1539 2495 daselbst.

1106 2506 1204 2550 o.lS,
1218 2511 1246 2541 1.
1268 2507 1474 2551 Hispaniae
1483 2506 1631 2553 populi]
1646 2506 1729 2542 tritt
1742 2506 1796 2541 als

1059 2554 1347 2599 Gesamtbegriff
1372 2565 1486 2589 voran
1512 2553 1586 2588 und
1613 2553 1703 2588 wird
1730 2553 1798 2588 mit

1057 2612 1120 2636 nec
1146 2622 1186 2625 —
1212 2612 1274 2636 nec
1300 2602 1336 2635 in
1363 2601 1450 2636 zwei
1471 2601 1572 2636 Teile
1599 2600 1747 2645 zerlegt.

1105 2648 1323 2694 defecerant]
1351 2661 1394 2683 zu
1421 2651 1601 2693 ergi'mzen
1629 2648 1692 2688 ist,
1726 2657 1795 2682 von

1058 2706 1151 2730 wem
1191 2695 1242 2730 sie
1281 2695 1452 2737 abfielen;
1491 2694 1549 2729 bei
1587 2694 1796 2736 deficiebant

1059 2743 1227 2787 dagcgen
1254 2754 1297 2777 zu
1324 2753 1427 2777 wem.

1106 2793 1136 2824 2.
1170 2800 1242 2824 non
1274 2790 1389 2824 maior
1425 2788 1548 2834 quam]
1581 2788 1645 2823 der
1677 2787 1797 2823 Nach-

1058 2836 1171 2870 druck
1193 2836 1283 2880 liegt
1304 2835 1369 2870 auf
1386 2836 1469 2870 dem
1488 2835 1639 2870 zweiten
1656 2835 1796 2878 Gliede,

1059 2895 1088 2918 c.
1121 2887 1176 2927 44,
1209 2888 1228 2917 [ι
1262 2883 1454 2928 trepidatio
1491 2894 1559 2917 non
1593 2883 1629 2917 in
1659 2883 1798 2927 proelio
