2000 3338
663 147 806 183 LIBER
830 147 960 183 XXVI.
1013 146 1112 183 CAP.
1140 151 1194 182 39.
1629 148 1683 189 83

130 167 156 185 a.
175 160 242 185 Chr.
262 167 290 184 n.
310 159 371 184 210.

131 257 230 298 dato
263 270 357 297 cum
389 255 541 296 rostris
571 255 903 307 concurrissent,
934 269 1071 310 neque
1102 256 1216 296 retro
1242 268 1395 296 navem
1427 253 1685 307 inhiberent,

129 328 207 356 nec
233 313 374 355 dirimi
401 314 454 355 ab
482 328 525 355 se
550 314 720 356 hostem
748 315 1008 367 paterentur,
1036 327 1162 368 quam
1190 313 1284 367 quis
1310 312 1510 367 indeptus
1530 326 1682 354 navem

130 374 222 414 erat
246 371 384 413 ferrea
403 372 560 414 iniecta
586 387 734 426 manu,
762 371 824 412 ita
844 371 1124 414 conserebant
1144 385 1194 412 ex
1220 371 1460 426 propinquo
1481 384 1683 425 pugnam,

129 432 176 472 ut
201 445 289 472 non
315 430 552 472 missilibus
577 433 763 484 tantum,
797 429 869 471 sed
895 429 1049 485 gladiis
1076 430 1206 470 etiam
1234 444 1366 483 prope
1393 429 1550 471 collato
1577 429 1682 483 pede

128 490 345 544 gereretur
371 504 449 531 res.
494 503 647 543 prorae
672 489 785 529 inter
811 503 854 529 se
880 488 1049 529 iunctae
1075 487 1322 540 haerebant,
1348 501 1513 541 puppes
1541 488 1680 529 alieno

126 547 305 602 remigio
339 548 751 602 circumagebantur.
801 546 863 587 ita
894 546 937 586 in
970 547 1062 586 arto
1091 545 1273 598 stipatae
1300 548 1422 586 erant
1453 560 1602 599 naves,
1634 549 1682 587 ut

126 606 196 647 vix
236 606 370 647 ullum
408 606 540 647 telum
578 606 622 646 in
655 604 763 645 mari
794 617 950 644 vanum
988 603 1274 658 intercideret,
1313 603 1527 644 frontibus
1564 604 1682 645 velut

125 664 341 718 pedestres
375 664 487 706 acies
518 662 729 717 urgebant
765 661 1018 715 perviaeque
1056 675 1185 702 naves
1223 661 1515 716 pugnantibus
1548 664 1680 704 erant.

126 722 307 777 insignis
339 725 482 763 tamen
513 722 626 761 inter
657 722 817 761 ceteras
848 733 995 774 pugna
1025 719 1109 761 fuit
1141 719 1337 772 duarum,
1376 734 1484 774 quae
1517 720 1680 773 primae

128 781 343 836 agminum
365 780 668 821 concurrerant
693 779 804 819 inter
824 792 879 818 se.
929 778 974 818 in
993 777 1189 819 Romana
1209 793 1317 819 nave
1343 779 1434 833 ipse
1457 778 1680 828 Quinctius

126 841 229 893 erat,
254 839 297 879 in
318 837 549 878 Tarentina
569 835 689 890 Nico,
715 836 781 878 cui
802 836 982 878 Perconi
1007 836 1091 878 fuit
1118 851 1367 891 cognomen,
1397 852 1483 878 non
1510 837 1680 891 publico

125 897 251 939 modo
284 896 356 937 sed
387 896 555 950 privato
589 895 716 936 etiam
751 895 847 937 odio
885 895 1049 936 invisus
1085 897 1212 949 atque
1250 896 1430 937 infestus
1463 895 1681 949 Romanis,

125 954 235 1009 quod
268 954 356 996 eius
388 953 588 995 factionis
622 957 729 1008 erat,
762 968 868 1008 quae
896 953 1128 995 Tarentum
1159 953 1393 995 Hannibali
1425 953 1681 1008 prodiderat.

122 1013 192 1054 hic
224 1012 469 1062 Quinctium
503 1012 630 1054 simul
667 1015 930 1067 pugnantem
964 1012 1294 1067 hortantemque
1328 1027 1427 1053 suos
1460 1013 1678 1054 incautum

121 1071 249 1113 hasta
285 1071 520 1126 transfigit,
559 1073 684 1125 atque
722 1071 793 1112 ille
830 1085 1033 1125 praeceps
1067 1084 1161 1111 cum
1194 1070 1326 1112 armis
1364 1070 1549 1125 procidit
1581 1073 1679 1111 ante

121 1144 305 1184 proram.
372 1130 510 1171 victor
547 1129 804 1170 Tarentinus
844 1129 889 1169 in
926 1129 1143 1170 turbatam
1189 1129 1291 1171 duce
1331 1129 1490 1170 amisso
1528 1143 1677 1170 navem

121 1188 304 1243 impigre
343 1191 639 1243 transgressus
679 1202 772 1229 cum
813 1188 1112 1229 summovisset
1149 1187 1316 1241 hostes,
1357 1191 1397 1229 et
1434 1202 1563 1242 prora
1594 1188 1679 1228 iam

122 1246 450 1289 Tarentinorum
479 1249 601 1300 esset,
626 1247 803 1301 puppim
830 1247 940 1288 male
967 1246 1213 1301 conglobati
1240 1248 1461 1288 tuerentur
1483 1246 1680 1300 Romani,

936 1396 1058 1431 lichen
1086 1396 1259 1431 Grunden
1290 1407 1366 1431 war
1392 1407 1430 1431 er
1461 1396 1679 1433 verfeindet.

935 1442 1110 1478 VVelcher
1141 1444 1209 1478 Art
1244 1443 1343 1478 diese
1376 1443 1524 1478 Griinde
1557 1454 1679 1479 waren

937 1501 962 1525 s.
991 1489 1051 1532 25,
1080 1494 1112 1533 7,
1142 1493 1266 1534 14-8,
1294 1494 1325 1524 3.

120 1388 360 1441 Uberlistung
383 1396 446 1431 des
466 1396 627 1441 Gegners
648 1395 862 1431 abzielende

120 1443 481 1487 Unternehmungen.
525 1455 554 1478 c.
583 1446 643 1485 51,
679 1447 721 1477 12
752 1442 863 1477 heisst

121 1489 179 1524 die
193 1489 398 1524 Einnahme
410 1490 697 1534 Neukarthagos
710 1489 860 1532 furtum.

108 1579 110 1581 ‚
168 1540 222 1571 12.
248 1547 374 1571 navem
393 1537 570 1583 inhibere]
594 1537 665 1571 den
684 1536 783 1571 Lauf
799 1536 861 1571 des

119 1582 272 1618 Schiffes
291 1583 475 1626 hemmen,
494 1584 698 1618 riickw‘arts
714 1583 860 1618 rudern.

119 1630 179 1673 37,
206 1633 261 1674 30,
290 1635 332 1665 10
359 1641 437 1665 cum
463 1631 626 1666 divellere
648 1641 683 1665 se
703 1631 747 1665 ab
767 1631 862 1665 hoste

120 1678 300 1721 cupientes
325 1678 526 1713 inhiberent
552 1677 698 1712 Rhodii.

166 1724 351 1770 indeptus]
385 1724 485 1760 einer
512 1725 653 1759 alteren
678 1723 864 1758 Latinitat

120 1770 339 1815 angeh6rig3
368 1771 438 1806 seit
462 1772 583 1806 Plaut.
604 1783 638 1806 u.
662 1771 765 1806 Lucr.
789 1772 863 1805 erst

119 1817 256 1852 wieder
287 1817 347 1852 bei
372 1818 451 1853 Liv.
479 1835 522 1847 =
548 1817 674 1853 fassen.
713 1817 773 1861 28,
806 1821 861 1861 30,

121 1868 162 1898 12
196 1868 412 1910 ceterasque,
451 1876 541 1909 qaas
580 1866 728 1909 indepta
766 1868 862 1907 esset,

118 1912 325 1953 mulcasset‚·
356 1912 430 1955 vgl.
459 1912 523 1946 das
550 1912 713 1956 Simplex
746 1913 862 1956 apisci

117 1957 153 2001 4,
179 1962 211 2002 3,
240 1962 269 1992 7.
297 1959 483 2002 apiscendi
507 1960 637 1993 summi
661 1959 816 1993 honoris.

162 2005 280 2048 ferrea
302 2006 433 2040 iniecta
446 2006 573 2051 manu]
589 2005 647 2040 die
662 2005 860 2050 Kampfen—

118 2052 188 2086 den
231 2052 442 2087 vermeiden
485 2052 746 2095 Evolutionen‚
795 2052 859 2086 das

114 2102 231 2134 rostro
266 2100 378 2142 ferire
414 2099 487 2133 und
527 2110 639 2134 remos
674 2100 858 2143 cleteryew,

116 2156 155 2181 so
171 2145 249 2181 dass
264 2146 491 2181 vermittelst
504 2146 568 2181 der
582 2145 859 2181 Enterbriicken

114 2193 248 2236 (ferrea
272 2196 334 2237 m.)
359 2192 424 2227 der
449 2193 589 2237 Kampf
615 2193 714 2228 einer
739 2193 857 2228 Land-

117 2240 284 2275 schlacht
309 2240 460 2274 'ahnlich
486 2240 588 2275 wird.

166 2291 219 2322 13.
252 2287 369 2322 alieno
393 2288 541 2331 remiyio
567 2287 856 2331 circumageban-

116 2333 198 2379 tur]
244 2333 295 2368 sie
336 2334 508 2368 machten
551 2333 857 2378 Schwenkungen

116 2381 210 2415 nach
237 2380 320 2414 dem
346 2380 485 2415 Willen
514 2380 578 2415 der
602 2381 768 2415 Ruderer
793 2381 856 2415 des

114 2426 280 2469 Feindes,
304 2426 427 2462 indem
454 2426 513 2462 dic
539 2428 703 2462 starkere
731 2427 858 2463 Partei

117 2473 232 2509 durch
246 2473 396 2508 Rudern
416 2473 520 2508 nicht
538 2486 606 2508 nur
626 2474 683 2508 ihr
697 2475 855 2519 eigenes,

115 2521 271 2555 sondern
291 2521 386 2555 auch
406 2520 471 2555 das
489 2520 607 2555 damit
621 2521 855 2556 verbundene

114 2567 314 2603 feindliche
332 2566 447 2602 Schiff
458 2566 681 2612 Drehungen
701 2568 856 2603 machen

114 2614 208 2650 liess.
236 2615 434 2658 circumagi
460 2614 532 2659 vgl.
560 2625 589 2648 c.
617 2618 650 2657 8,
676 2618 708 2649 3.

165 2665 217 2696 15.
249 2661 367 2706 Nico]
401 2660 466 2703 25,
501 2664 520 2695 8
553 2661 648 2695 ohne
681 2661 751 2695 den
776 2661 857 2696 hier

114 2708 376 2754 angegebenen
390 2708 590 2743 Beinamen
604 2707 659 2742 als
674 2707 778 2742 Seele
794 2707 857 2742 der

114 2755 317 2800 punisohen
337 2755 460 2790 Partei
480 2755 517 2789 in
533 2755 669 2789 Tarent
683 2757 854 2799 genannt.

155 2803 303 2847 publico
325 2822 366 2827 —
382 2803 530 2846 privato
549 2801 648 2846 odio]
669 2801 773 2835 nicht
789 2813 857 2835 nur

114 2849 152 2883 in
190 2848 308 2884 seiner
344 2848 585 2893 Eigenschaft
627 2849 681 2883 als
721 2848 855 2882 Taren-

114 2895 228 2939 tiner,
274 2895 429 2930 sondern
466 2896 559 2930 auch
597 2906 662 2930 aus
706 2898 855 2940 person-

982 1537 1122 1571 invisns
1160 1541 1264 1581 atque
1302 1537 1477 1582 infestus]
1511 1538 1584 1572 inv.
1616 1537 1679 1572 be—

934 1583 1102 1618 zeichnet
1139 1583 1197 1618 die
1232 1583 1394 1628 passive,
1434 1585 1588 1627 infestus
1620 1584 1678 1619 die

935 1630 1061 1665 aktive
1094 1630 1192 1666 Seite
1225 1631 1288 1665 des
1320 1631 1502 1666 zwischen
1535 1630 1679 1666 Zweien

933 1677 1185 1712 bestehenden
1222 1677 1465 1722 feindseligen
1504 1678 1676 1712 Verbalt-

933 1724 1057 1767 nisses,
1075 1723 1234 1769 ‘gehasst
1249 1724 1323 1758 und
1338 1725 1454 1759 selbst
1468 1725 1542 1759 voll
1558 1724 1677 1759 Hass'.

934 1770 968 1813 2,
995 1774 1050 1811 56,
1079 1776 1098 1805 5
1126 1772 1281 1806 invisum
1310 1771 1547 1816 infestumque
1566 1772 1676 1816 plebi.

934 1817 994 1861 35,
1021 1822 1077 1861 47,
1105 1822 1125 1852 4
1152 1819 1321 1860 infestum
1347 1819 1582 1863 invisamque.

984 1869 1036 1899 16.
1065 1868 1169 1909 atque
1188 1865 1262 1910 illc]
1284 1865 1352 1900 wie
1374 1866 1476 1900 sonst
1496 1869 1601 1909 atque
1622 1866 1674 1900 ita

934 1912 994 1946 ille
1014 1928 1057 1940 =
1078 1912 1152 1946 und
1175 1912 1289 1947 sofort
1316 1912 1376 1946 fiel
1398 1912 1512 1956 jener.
1540 1911 1599 1955 32,
1623 1916 1676 1956 10,

934 1961 965 1992 8.
989 1957 1049 2001 34,
1071 1962 1126 2001 25,
1148 1963 1178 1993 9.

973 2016 1147 2049 praeceps
1182 2005 1363 2051 procidit]
1406 2005 1675 2050 pleonastisch3

927 2053 1115 2095 procidere
1140 2052 1265 2097 haufig
1292 2063 1363 2087 von
1389 2052 1674 2097 hochragenden

932 2097 1087 2143 Dingen.
1121 2099 1179 2141 21,
1204 2103 1257 2142 14,
1273 2103 1292 2133 2
1320 2101 1433 2133 turris
1455 2100 1673 2143 prociderat.

931 2144 992 2188 31,
1019 2150 1074 2189 46,
1104 2150 1146 2180 15
1168 2147 1265 2180 muri
1284 2157 1420 2191 quoque
1440 2157 1533 2190 pars
1553 2148 1675 2191 proci-

932 2193 1043 2227 derat.

981 2243 1033 2274 17.
1060 2240 1172 2274 hostes
1200 2260 1241 2264 —-
1268 2240 1438 2286 hostiam]
1473 2240 1522 2274 im
1554 2242 1674 2275 ersten

930 2285 1034 2321 Falle
1073 2286 1152 2321 sind
1191 2287 1260 2321 mit
1290 2287 1403 2321 hostes
1435 2298 1519 2322 vom
1552 2288 1672 2322 taren-

929 2333 1111 2368 tinischen
1121 2333 1379 2378 Standpunkte
1388 2344 1453 2368 aus
1461 2334 1520 2368 die
1530 2333 1676 2378 Romer,

930 2380 981 2414 im
1007 2380 1161 2415 zweiten
1193 2391 1278 2415 vom
1308 2380 1515 2415 romischen
1542 2380 1674 2415 Stand-

929 2427 1071 2472 punkte
1098 2438 1163 2462 aus
1184 2427 1242 2462 die
1262 2427 1480 2462 Tarentiner
1499 2427 1672 2472 gemeint.

930 2474 1006 2508 Liv.
1028 2476 1143 2509 nennt
1168 2474 1271 2509 nicht
1295 2474 1411 2509 selten
1431 2485 1515 2509 vom
1536 2485 1671 2519 gegne-

928 2522 1074 2556 rischen
1096 2521 1354 2565 Staudpunkte
1375 2532 1441 2556 aus
1462 2521 1521 2556 die
1539 2522 1674 2556 Romer

929 2569 1051 2603 hostes.
1091 2568 1156 2611 21,
1195 2572 1256 2610 56,
1294 2572 1311 2602 7
1344 2568 1430 2611 finis
1462 2569 1674 2612 insequendi

928 2615 1040 2649 hostes
1067 2615 1242 2659 (namlich
1268 2614 1476 2659 Romanos).
1507 2614 1566 2659 22,
1593 2619 1626 2657 4,
1653 2619 1669 2648 1

929 2673 963 2695 u.
991 2665 1011 2695 5
1040 2661 1201 2703 Poenus,
1233 2662 1296 2696 ubi
1327 2662 1488 2696 clausum
1523 2663 1604 2696 lacu
1630 2672 1672 2696 ac

929 2708 1108 2742 montibus
1135 2735 1318 2742 ......
1346 2709 1475 2743 hostem
1501 2709 1635 2742 habuit.

976 2755 1066 2788 male
1092 2755 1295 2798 conglobati
1319 2755 1520 2800 tuerentur]
1546 2755 1672 2799 ylobus

930 2800 1003 2835 und
1048 2801 1167 2835 davon
1208 2801 1418 2845 conylobare
1455 2801 1672 2837 bezeichnet

929 2847 1054 2892 h'aufig
1089 2847 1149 2882 die
1181 2847 1490 2893 unregelm'assige
1522 2848 1665 2883 Zusam-

929 2896 1167 2939 menrottung
1204 2905 1275 2928 von
1307 2894 1358 2929 im
1390 2895 1549 2940 Kampfe
1583 2895 1671 2931 oder

1336 2952 1386 2987 6*

1709 498 1752 528 13

1710 674 1753 703 14

1708 790 1751 820 15

1708 1024 1750 1055 16

1708 1141 1749 1171 17
