2000 3338
195 686 235 717 12
263 677 422 718 cerunt.

266 162 321 203 86
752 159 896 195 LIBER
921 159 1049 194 XXVI.
1102 159 1202 194 CAP.
1229 164 1284 195 40.

195 279 238 311 10
266 270 320 311 ad
357 265 721 321 comprimendam
759 265 1014 307 seditionem
1055 265 1278 320 processit.

1665 178 1689 196 a.
1710 178 1737 196 u.
1757 170 1818 196 544.

1345 268 1470 320 atque
1511 267 1602 322 ille,
1645 282 1742 310 cum
1780 267 1818 310 ei

266 325 494 368 multitudo
520 324 657 366 maior
682 337 809 378 quam
829 322 1109 365 Numidarum
1135 323 1285 377 procul
1311 323 1405 365 visa
1425 322 1572 380 (esset),
1598 326 1641 367 et
1660 326 1820 368 clamor

264 385 484 426 Romanus
509 382 841 437 haudquaquam
866 382 1041 437 ignotus
1068 381 1122 422 ad
1149 395 1272 423 aures
1299 381 1542 437 accidisset,
1570 384 1818 438 priusquam

195 454 234 483 11
264 443 317 484 ad
353 442 487 483 ictum
525 440 600 482 teli
634 441 815 494 veniret,
853 440 1039 494 capessit
1076 439 1236 494 fugam.
1303 453 1379 493 per
1415 454 1609 482 aversam
1649 445 1820 496 portam

264 500 443 542 emissus
482 499 709 553 adsumpto
749 498 903 540 comite
935 497 1121 552 Epicyde
1160 512 1255 539 cum
1296 498 1442 552 paucis
1482 498 1535 540 ad
1573 513 1689 541 mare
1727 515 1819 554 per-

263 559 399 614 venit,
436 558 635 612 nactique
675 558 914 612 opportune
952 571 1132 611 parvum
1164 556 1403 611 navigium,
1443 556 1592 598 relicta
1621 557 1819 600 hostibus

264 616 425 671 Sicilia,
459 616 507 657 de
542 631 625 671 qua
656 630 729 670 per
761 618 826 657 tot
857 629 992 657 annos
1026 617 1234 657 certatum
1267 617 1375 667 erat,
1407 615 1453 655 in
1473 614 1664 656 Africam
1694 617 1818 658 traie-

486 675 570 716 alia
609 673 838 716 multitudo
876 674 1116 715 Poenorum
1156 672 1478 728 Siculorumque
1515 687 1568 714 ne
1610 675 1820 727 temptato

263 733 431 789 quidem
459 733 690 775 cert-amine
717 747 811 774 cum
838 732 952 773 caeci
978 733 1023 772 in
1049 731 1194 787 fugam
1222 734 1409 785 ruerent,
1440 732 1656 786 clausique
1682 731 1820 774 exitus

194 803 236 833 13
263 794 421 845 essent,
454 792 566 832 circa
591 793 738 844 portas
766 804 901 831 caesa.
946 790 1102 844 oppido
1126 792 1297 844 recepto
1318 789 1549 845 Laevinus,
1580 790 1653 845 qui
1680 791 1820 844 capita

263 865 404 891 rerum
436 849 664 903 Agrigenti
697 850 832 901 erant,
873 848 1004 902 virgis
1038 862 1184 889 caesos
1218 849 1354 890 securi
1386 849 1616 902 percussit,
1656 851 1820 891 ceteros

194 919 237 950 14
262 908 550 962 praedamque
589 906 794 960 vendidit,
837 920 1005 947 omnem
1045 906 1269 960 pecuniam
1300 906 1482 948 Romam
1514 907 1642 949 misit.

1704 907 1822 949 fama

261 966 647 1022 Agrigentinorum
673 965 804 1006 cladis
829 962 1019 1006 Siciliam
1045 978 1140 1005 cum
1165 965 1442 1019 pervasisset,
1474 966 1619 1006 omnia
1650 968 1822 1020 repente

264 1025 317 1067 ad
348 1025 566 1067 Romanos
599 1023 922 1065 inclinaverunt.
982 1022 1152 1077 prodita
1184 1023 1304 1064 brevi
1335 1025 1435 1064 sunt
1468 1023 1619 1077 viginti
1652 1024 1820 1078 oppida,

264 1099 337 1126 sex
363 1083 403 1124 vi
431 1085 574 1137 capta3
604 1082 846 1124 voluntaria
873 1080 1086 1123 deditione
1113 1081 1155 1122 in
1183 1081 1309 1122 fidem
1331 1084 1538 1122 venerunt
1564 1081 1616 1122 ad
1642 1082 1821 1135 quadra-

193 1152 237 1183 15
264 1143 398 1197 ginta.
448 1156 625 1196 quarum
653 1140 891 1182 civitatium
923 1140 1189 1194 principibus
1217 1154 1311 1181 cum
1338 1154 1414 1194 pro
1441 1140 1644 1195 cuiusque
1670 1141 1822 1182 merito

263 1200 413 1242 consul
438 1199 577 1253 pretia
609 1213 854 1253 poenasque
881 1199 1133 1240 exsolvisset
1159 1198 1453 1254 coegissetque
1475 1197 1640 1240 Siculos
1666 1198 1822 1252 positis

195 1271 238 1302 16
263 1258 435 1300 tandem
469 1258 599 1299 armis
633 1257 684 1299 ad
719 1271 869 1312 agrum
896 1256 1120 1298 colendum
1147 1257 1312 1298 animos
1339 1260 1604 1310 convertere,
1635 1259 1682 1298 ut
1707 1259 1824 1299 esset

262 1332 348 1359 non
398 1316 636 1358 incolarum
680 1315 807 1358 modo
853 1315 1069 1357 alimentis
1117 1315 1326 1369 frugifera
1369 1316 1527 1369 insula,
1580 1315 1653 1357 sed
1705 1315 1822 1357 urbis

263 1376 425 1417 Romae
477 1376 602 1429 atque
653 1373 824 1424 Italiae,
873 1373 915 1414 id
960 1374 1072 1428 quod
1119 1374 1265 1415 multis
1316 1388 1440 1428 saepe
1492 1374 1822 1428 tempestatibus

263 1434 439 1488 fecerat,
479 1447 692 1475 annonam
729 1433 908 1485 levaret,
950 1432 1002 1473 ab
1036 1431 1290 1487 Agathyrna
1328 1432 1592 1474 inconditam
1631 1432 1823 1474 multitu-

193 1505 235 1536 17
264 1492 406 1533 dinem
439 1506 579 1534 secum
613 1492 658 1532 in
689 1490 862 1532 Italiam
893 1490 1143 1532 transvexit.

1206 1493 1409 1545 quattuor
1446 1491 1564 1532 milia
1599 1490 1823 1533 hominum

263 1553 402 1606 erant,
441 1550 566 1592 mixti
605 1564 653 1592 ex
693 1550 810 1591 omni
849 1549 1106 1602 colluvione,
1145 1550 1326 1603 exsules,
1371 1549 1578 1602 obaerati,
1621 1549 1823 1603 capitalia

311 1694 364 1726 10.
392 1693 498 1734 atque
517 1689 591 1734 ille]
614 1689 687 1734 vgl.
709 1699 737 1723 c.
760 1692 816 1732 39,
840 1692 890 1723 16.
931 1688 1004 1723 Das

262 1737 447 1772 Deutsche
469 1736 641 1781 verlangt
670 1735 750 1770 eine
767 1735 1004 1770 Adversativ-

262 1783 433 1829 partikel.

218 1835 223 1837 *
308 1831 356 1865 ad
406 1840 512 1864 aures
561 1828 769 1874 accidisset]
828 1829 1004 1863 stehende

259 1877 458 1922 Wendung
484 1876 548 1911 des
572 1876 662 1919 Liv.‚
691 1876 831 1910 sowohl
857 1876 925 1910 mit
949 1875 1004 1910 als

260 1924 355 1959 ohne
377 1924 424 1958 ad
444 1933 550 1958 aures
565 1922 652 1958 oder
666 1923 829 1958 auribus.
848 1922 1004 1966 24,46,5

260 1972 425 2006 accidens
457 1971 620 2005 auribus.
659 1969 724 2013 27,
754 1973 814 2013 15,
844 1973 884 2004 16
911 1969 1006 2004 unde

260 2019 416 2053 maxime
441 2018 614 2052 terribilis
640 2017 824 2052 accidebat
848 2026 967 2051 sonus.

309 2068 362 2098 11.
391 2075 459 2108 per
491 2064 672 2109 aversam]
708 2075 781 2109 erg.
816 2064 860 2098 ab
889 2064 1004 2104 hoste,-

261 2111 337 2156 vgl.
361 2111 422 2155 ⁸24,
446 2115 500 2154 17,
521 2115 540 2145 3
562 2121 630 2155 per
661 2121 820 2145 aversam
845 2139 849 2144 .
872 2138 879 2145 .
902 2138 908 2144 .
932 2137 937 2143 .
960 2111 1004 2144 ab

191 2179 194 2182 ⁴
261 2159 358 2193 hoste
392 2161 554 2202 portam,
592 2157 679 2191 aber
714 2156 755 2200 4,
788 2161 851 2200 46,
886 2160 905 2191 6
939 2168 1006 2201 per

262 2215 424 2240 aversam
445 2207 600 2248 portam.

306 2252 407 2286 nacti
439 2251 658 2296 opportune]
698 2250 765 2285 ‘sie
799 2249 1005 2285 erreichten

259 2299 356 2334 noch
367 2297 613 2342 rechtzeitig’.
627 2298 819 2332 nanciscor
832 2298 923 2331 stets
935 2308 1006 2332 von

261 2344 498 2390 glfieklichen
519 2344 697 2387 Zufallen,
717 2345 784 2378 hat
808 2347 1007 2388 opportune

261 2391 513 2436 pleonastisch
534 2392 593 2425 bei
612 2391 706 2433 sich3
734 2391 803 2425 wie
825 2391 1006 2434 praeeipi-

262 2442 339 2473 δαΐα
370 2439 505 2482 raptim
540 2438 601 2481 31,
628 2441 683 2481 32,
710 2441 742 2473 2.
783 2437 864 2482 vgl.
894 2449 922 2472 c.
954 2440 1006 2479 17,

263 2489 284 2520 8
311 2486 399 2520 data
424 2485 546 2519 sedulo
573 2495 690 2529 opera.

308 2533 351 2567 de
370 2531 457 2576 qua]
479 2531 614 2566 nimmt
633 2532 670 2565 in
694 2534 808 2566 erster
829 2529 932 2564 Linie
946 2529 1012 2564 auf

261 2579 321 2614 die
348 2578 482 2622 Kriege
510 2579 578 2612 mit
604 2578 675 2613 den
702 2578 878 2618 Romern,
910 2577 1008 2611 dann

261 2626 350 2661 aber
369 2625 464 2660 auch
490 2625 556 2660 auf
578 2625 637 2660 die
659 2625 727 2659 mit
746 2624 816 2658 deu
838 2623 1008 2659 Sikuleru

263 2672 476 2707 Riicksicht.

314 2723 367 2753 13.
388 2719 659 2765 praedamque]
686 2718 775 2752 ‘und
801 2718 1009 2762 {thei-haupt

263 2766 323 2801 die
357 2766 507 2807 Beute’;
547 2766 611 2800 der
643 2767 751 2800 Stant
781 2765 903 2800 erhiilt
938 2765 1009 2799 den

263 2819 451 2857 gesamten
497 2813 618 2856 Erlos,
664 2813 759 2847 ohne
804 2812 863 2846 die
908 2812 1010 2846 sonst

263 2859 436 2894 ublichen
471 2860 619 2904 Abzx'ige
654 2870 699 2894 an
733 2858 792 2894 die
820 2858 1008 2899 Soldaten,

264 2917 392 2951 wegen
420 2906 483 2940 der
512 2906 725 2941 Finanznot.

1128 1691 1181 1722 14.
1205 1688 1355 1731 prodita
1381 1707 1423 1713 —-
1443 1689 1480 1722 vi
1505 1691 1613 1732 capta
1633 1708 1678 1713 —
1697 1689 1822 1724 volun-

1079 1735 1177 1769 taria
1189 1734 1239 1779 d.]
1255 1734 1421 1769 scheidet
1432 1733 1690 1777 dreiKlassen;
1707 1735 1745 1770 in
1760 1735 1824 1770 der

1079 1783 1201 1816 ersten
1240 1781 1409 1816 lieferten
1444 1781 1607 1816 einzelne
1638 1782 1823 1817 Personen

1080 1828 1139 1863 die
1172 1828 1301 1862 St'adte
1337 1839 1402 1863 aus
1435 1829 1509 1862 und
1542 1828 1735 1873 erlangten
1765 1829 1825 1863 fur

1079 1875 1158 1910 sich
1180 1874 1391 1920 Schonung,
1417 1875 1476 1909 fiir
1501 1875 1561 1910 die
1581 1876 1736 1920 iibrigen
1756 1875 1824 1910 Be-

1080 1922 1229 1956 wohner
1255 1922 1343 1957 aber
1368 1922 1483 1965 nicht,
1509 1922 1578 1957 wie
1598 1922 1636 1957 in
1658 1921 1824 1967 syracus,

1080 1969 1278 2014 Agrigent;
1301 1969 1339 2003 in
1360 1969 1423 2004 der
1443 1969 1598 2004 zweiten
1617 1969 1709 2004 wird
1729 1969 1825 2004 nach

1080 2018 1266 2061 strengem
1281 2016 1519 2061 Kriegsrecht
1532 2016 1743 2059 verfahren3
1763 2016 1824 2051 die

1079 2063 1191 2098 dritte
1212 2062 1340 2098 Klasse
1367 2063 1517 2098 vei-liert
1542 2063 1721 2098 ebenfalls
1743 2063 1822 2098 ihre

1080 2109 1396 2155 Selbstandigkeit
1415 2110 1489 2144 und
1511 2110 1610 2144 zahlt
1634 2109 1693 2145 ein
1717 2111 1822 2145 vecti-

1078 2157 1151 2201 9al‚
1177 2156 1248 2191 den
1271 2157 1444 2192 Zehnten.

1131 2207 1182 2237 16.
1221 2203 1444 2249 incolarum]
1497 2203 1560 2238 der
1612 2203 1820 2239 Landesbe·

1080 2250 1229 2284 wohner
1257 2267 1299 2278 =
1327 2251 1520 2291 cultorum;
1547 2249 1616 2285 wie
1637 2249 1698 2293 21,
1724 2254 1780 2293 38.
1802 2255 1822 2286 9

1080 2297 1218 2331 incolae
1250 2298 1328 2341 iuyi
1360 2298 1456 2339 eius,·
1493 2297 1588 2332 ohne
1621 2297 1691 2332 den
1722 2300 1826 2333 sonet

1081 2343 1198 2378 damit
1254 2343 1513 2378 verbundenen
1563 2343 1824 2390 Nebenbegrifl

1082 2391 1146 2425 der
1159 2391 1370 2435 biirgerlich
1376 2402 1419 2425 en
1429 2390 1823 2437 Nichtberechtigung.

1128 2437 1309 2472 alimentis
1339 2437 1535 2482 fruyifera]
1574 2437 1649 2472 ‘fiir
1674 2438 1733 2473 die
1761 2437 1823 2473 Et-

1081 2484 1249 2528 nahrung
1270 2484 1510 2519 ansreichend
1530 2484 1729 2529 ergiebig’;
1751 2485 1823 2519 Ad-

1077 2531 1197 2576 jektiv
1231 2531 1299 2565 mit
1326 2532 1434 2565 Dativ
1466 2531 1531 2565 der
1560 2531 1822 2578 Bestimmung.

1080 2578 1146 2618 27,
1191 2583 1228 2620 5,
1271 2582 1301 2613 5.
1353 2579 1569 2623 s‘ruyif'eram
1618 2579 1708 2622 ipsis
1750 2580 1825 2613 oul-

1082 2625 1227 2659 toribus.

1130 2673 1236 2706 mixti
1254 2683 1297 2706 ea·
1317 2673 1415 2706 omni
1431 2671 1573 2717 collatu]
1590 2672 1717 2706 colluv.
1732 2673 1824 2708 stete

1083 2718 1119 2752 in
1146 2718 1435 2753 veriichtlichem
1463 2718 1584 2753 Sinne.
1634 2717 1694 2761 28,
1725 2723 1778 2762 12,
1804 2723 1824 2754 3

1082 2766 1188 2799 mia-ti
1208 2776 1251 2799 ca:
1271 2766 1468 2800 colluvione
1481 2766 1636 2799 omnium
1653 2767 1823 2809 pontium.

1130 2859 1249 2893 exules
1291 2859 1453 2893 obaerati
1502 2859 1677 2903 capitalia
1723 2860 1825 2906 ausi]

1084 2905 1389 2950 landesfluchtige
1416 2905 1625 2949 Meuschen,
1653 2905 1712 2941 die
1748 2917 1827 2942 ver·
