2000 3338
213 677 256 708 10

214 968 256 998 11

218 1260 257 1289 12

217 1319 258 1349 13

219 1553 261 1582 14

282 153 310 192 4
396 148 402 151 ⁷
781 149 925 184 LIBER
949 149 1078 184 XXVI.
1131 149 1232 184 CAP.
1258 153 1291 185 2.
1682 167 1707 184 a.
1726 167 1756 185 u.
1775 159 1836 185 543.

281 260 326 301 in
364 258 633 301 contionibus
672 255 872 309 vexabat,
915 255 1073 296 multos
1110 255 1390 310 imperatores
1426 257 1670 299 temeritate
1708 260 1837 312 atque

281 317 454 359 inscitia
493 315 721 356 exercitum
758 313 803 354 in
840 313 982 354 locum
1023 313 1299 368 praecipitem
1335 314 1583 367 perduxisse
1621 315 1838 370 dictitans,

282 375 496 417 neminem
533 375 703 426 praeter
734 369 810 412 Cn.
842 370 1039 412 Fulvium
1079 374 1176 412 ante
1213 371 1453 425 corrupisse
1485 373 1683 415 omnibus
1720 373 1838 415 vitiis

282 433 471 487 legiones
511 445 607 471 suas
645 444 774 484 quam
811 429 1020 482 proderet.
1086 430 1231 484 itaque
1268 444 1366 471 vere
1407 430 1491 471 dici
1533 445 1676 485 posse,
1719 433 1838 486 prius

282 506 354 532 eos
392 490 553 544 perisse
592 503 721 543 quam
751 487 947 529 viderent
982 487 1170 541 hostem,
1206 502 1285 529 nec
1316 488 1369 529 ab
1402 487 1646 530 Hannibale
1678 490 1751 531 sed
1783 490 1837 531 ab

282 549 541 602 imperatore
579 561 655 588 suo
694 547 830 588 victos
869 560 971 587 esse.
1031 547 1263 600 neminem,
1301 560 1396 588 cum
1429 547 1677 601 suffragium
1711 549 1840 602 ineat,

283 607 388 648 satis
433 620 619 659 cernere,
664 605 730 646 cui
771 605 1018 659 imperium,
1063 605 1130 646 cui
1167 605 1399 646 exercitum
1436 605 1672 658 permittat.
1738 606 1839 660 quid

282 664 526 707 interfuisse
545 665 659 705 inter
677 663 741 704 Ti.
761 662 1059 716 Sempronium
1079 667 1116 705 et
1135 662 1206 705 On.
1226 663 1273 705 F
1269 663 1455 705 ulvium?
1478 663 1540 705 Ti.
1554 663 1840 716 Sempronium

283 738 379 766 cum
406 723 445 765 ei
472 737 693 764 servorum
719 721 928 763 exercitus
956 721 1079 762 datus
1106 724 1229 775 esset,
1257 721 1375 763 brevi
1401 721 1590 763 effecisse
1616 721 1841 776 disciplina

283 785 412 837 atque
437 781 634 835 imperio,
665 782 712 820 ut
737 794 863 820 nemo
891 793 1037 820 eorum
1070 780 1238 834 generis
1264 794 1313 821 ac
1340 780 1560 834 sanguinis
1587 781 1654 822 sui
1679 794 1843 821 memor

283 842 329 882 in
361 841 450 882 acie
482 842 612 892 esset,
651 837 863 891 praesidio
897 838 1042 891 sociiS,
1073 838 1271 879 hostibus
1303 839 1459 880 terrori
1490 841 1650 892 essent3
1683 837 1840 880 Cumas

283 899 575 940 Beneventum
620 896 812 950 aliasque
856 895 982 936 urbes
1020 910 1092 937 eos
1135 896 1251 937 velut
1287 911 1309 937 e
1347 896 1539 938 faucibus
1578 897 1840 938 Hannibalis

285 960 451 1012 ereptas
483 955 642 1010 populo
669 954 865 996 Romano
892 954 1152 995 restituisse:
1196 953 1271 996 On.
1291 954 1490 996 Fulvium
1511 955 1741 1004 Quiritium
1760 954 1844 997 Ro-

283 1030 507 1057 manorum
534 1014 787 1065 exercitum,
818 1012 996 1059 honeste
1029 1013 1216 1067 genitos,
1247 1013 1483 1054 liberaliter
1512 1014 1730 1068 educatos,
1763 1027 1846 1055 ser-

284 1075 440 1115 vilibus
485 1073 602 1114 vitiis
646 1072 864 1112 imbuisse.
932 1085 1034 1125 ergo
1073 1071 1262 1112 effecisse
1300 1074 1347 1112 ut
1385 1071 1547 1113 feroces
1587 1074 1629 1113 et
1665 1072 1845 1126 inquieti

284 1133 396 1174 inter
433 1132 590 1185 socios,
633 1130 780 1184 ignavi
818 1132 860 1170 et
897 1129 1089 1171 imbelles
1126 1130 1238 1170 inter
1280 1129 1425 1171 hostes
1465 1132 1608 1171 essent
1648 1144 1726 1172 nec
1769 1130 1846 1171 im-

283 1193 433 1244 petum
470 1189 597 1231 modo
635 1188 897 1238 Poenorum,
942 1188 1014 1229 sed
1054 1202 1108 1229 ne
1143 1187 1382 1237 ‘clamorem
1426 1187 1597 1242 quidem
1635 1188 1846 1229 sustinere

283 1251 471 1303 possent.
521 1262 600 1288 nec
631 1247 802 1288 hercule
834 1247 990 1288 mirum
1023 1260 1115 1287 esse
1142 1247 1319 1288 cessisse
1351 1247 1510 1288 milites
1542 1246 1586 1288 in
1612 1246 1719 1301 acie,
1751 1261 1847 1288 cum

284 1308 447 1362 primus
488 1306 679 1348 omnium
717 1305 952 1359 imperator
995 1304 1181 1360 fugeret3
1225 1305 1365 1359 magis
1408 1305 1554 1346 mirari
1597 1319 1642 1346 se
1680 1305 1846 1360 aliquos

287 1369 449 1408 stantes
482 1365 700 1418 cecidisse,
739 1367 781 1405 et
818 1378 904 1405 non
937 1378 1083 1405 omnes
1116 1363 1294 1405 comites
1327 1362 1402 1406 Cn.
1434 1363 1574 1405 Fulvii
1611 1363 1744 1405 fuisse
1777 1378 1848 1418 pa-

286 1426 400 1466 voris
445 1438 493 1466 ac
535 1423 676 1477 fugae.
743 1421 788 1464 C.
825 1422 1100 1476 Flaminium,
1143 1421 1189 1463 L.
1234 1422 1433 1477 Paulum,
1476 1421 1522 1463 L.
1566 1421 1849 1477 Postumium,

287 1483 362 1526 Cn.
390 1497 438 1524 ac
463 1482 508 1524 P.
536 1481 756 1536 Scipiones
783 1480 931 1522 cadere
962 1480 1009 1521 in
1035 1480 1125 1522 acie
1151 1481 1354 1522 maluisse
1386 1495 1514 1536 quam
1547 1480 1739 1522 deserere
1768 1481 1848 1522 cir-

287 1544 537 1584 cumventos
571 1540 795 1582 exercitus:
829 1538 905 1581 Cn.
930 1538 1128 1580 Fulvium
1159 1553 1293 1593 prope
1325 1555 1456 1581 unum
1487 1539 1688 1580 nuntium
1720 1539 1848 1581 deleti

289 1601 498 1642 exercitus
530 1599 712 1640 Romam
744 1598 915 1640 redisse.
971 1597 1137 1639 facinus
1173 1597 1398 1653 indignum
1431 1612 1540 1652 esse,
1578 1596 1848 1639 Cannensem

289 1728 430 1762 lautete
443 1727 620 1760 zun'achst
632 1725 699 1760 auf
709 1725 897 1760 schlechte
913 1727 1033 1759 Amts-

291 1775 454 1817 fiihrung
479 1772 555 1807 und
580 1772 741 1807 forderte
763 1782 835 1806 von
854 1771 931 1806 ihm
952 1772 1033 1806 eine

231 1830 235 1832 ·
291 1819 491 1856 Geldbusse
519 1830 547 1854 c.
576 1823 607 1862 3,
635 1823 666 1854 7.

337 1868 379 1903 in
410 1866 520 1912 cont]
554 1866 660 1901 Nach
693 1865 759 1899 der
790 1867 911 1900 ersten
942 1864 1032 1900 Vor-

291 1915 432 1959 ladung
469 1912 652 1958 erfolgten
689 1912 804 1947 durch
841 1913 914 1947 diei
946 1922 1033 1956 pro-

291 1962 402 1997 dictio
438 1959 517 1995 drei
543 1960 690 1994 weitere
717 1959 1034 2004 Verhandlungen

291 2020 358 2043 vor
383 2008 467 2042 dem
493 2006 623 2042 Volke.
674 2006 748 2040 Der
769 2006 892 2040 lnhalt
912 2006 977 2041 der
996 2005 1034 2040 in

292 2055 418 2090 diesen
445 2053 642 2088 Tei-minen
669 2053 943 2097 (accusationes)
963 2063 1035 2087 von

293 2102 364 2137 den
388 2100 576 2135 Tribunen
602 2099 678 2134 und
704 2099 783 2133 Ful.
811 2099 1035 2143 gehaltenen

293 2149 474 2184 contiones
492 2147 585 2182 istc.
601 2150 633 2190 2,
652 2151 716 2181 6—
723 2149 754 2189 3,
770 2149 791 2179 4
806 2157 1035 2181 zusammen-

292 2194 437 2240 ,wefasst

342 2245 396 2277 10.
423 2252 440 2276 e
468 2241 640 2284 faucibus
670 2239 854 2285 Ηαηηὶἶ).]
887 2239 951 2274 der
983 2239 1036 2273 als

294 2288 449 2323 bildlich
464 2287 579 2322 durch
593 2287 688 2322 velut
701 2286 1036 2331 gekennzeichnete

294 2335 487 2370 Ausdruck
512 2334 622 2369 kehrt
648 2333 686 2368 in
707 2333 828 2368 dieser
846 2333 957 2368 Form
978 2333 1037 2367 bei

293 2382 371 2416 Liv.
405 2382 508 2416 nicht
549 2380 684 2416 wieder
718 2380 831 2423 (wohl
857 2380 945 2415 aber
976 2379 1036 2414 bei

295 2427 402 2473 Cic.);
442 2428 537 2463 doch
572 2427 622 2462 ist
659 2427 723 2462 der
748 2426 944 2471 Vergleich
983 2437 1037 2460 er-

294 2475 467 2511 bitterter
492 2474 629 2509 Feinde
656 2473 725 2508 mit
750 2473 884 2508 wilden
904 2473 1038 2508 Tieren

296 2522 400 2558 nicht
431 2522 560 2557 selten.
612 2531 641 2554 c.
672 2524 725 2564 13,
761 2524 813 2555 12.
841 2531 869 2555 c.
898 2524 954 2564 27,
984 2523 1036 2554 12.

294 2570 391 2604 velut
415 2569 513 2611 feras
539 2568 669 2603 bestias
683 2579 752 2612 per
771 2577 878 2612 αρν-οε
896 2568 1038 2612 rayari.

346 2619 398 2650 11.
415 2615 612 2660 Quiritium
622 2614 684 2660 R]
699 2613 970 2655 auffallend‚da
981 2614 1039 2648 die

297 2663 433 2698 Romer
458 2662 626 2705 Quiriten
659 2661 696 2696 in
722 2661 792 2695 den
824 2661 1040 2696 friedlicheu

297 2709 554 2754 Beziehungen
587 2709 650 2743 des
684 2708 941 2753 biirgerlichen
974 2707 1039 2743 Le·

297 2757 387 2791 bens
423 2757 587 2802 genennt
624 2767 667 2790 zu
700 2755 845 2790 werden
877 2755 1038 2800 pflegcm

298 2803 357 2844 45,
384 2807 440 2845 37,
456 2807 497 2837 14
519 2814 580 2838 uec
608 2802 768 2847 Quirites
792 2812 864 2843 ros,
889 2803 949 2837 sed
974 2803 1037 2837 mi-

298 2850 375 2884 lites
401 2851 522 2885 videor
549 2850 809 2894 appellaturus.
855 2849 943 2884 Hier
968 2849 1036 2884 soll

299 2895 459 2937 Quirites
474 2896 532 2931 die
541 2896 727 2941 Legionen
743 2896 805 2931 des
816 2896 851 2931 F.
863 2896 917 2931 als
929 2896 1037 2931 {ichte

1107 1724 1330 1770 Vollbi'irger
1369 1723 1421 1758 im
1457 1723 1666 1769 Gegensatz
1701 1736 1745 1759 zu
1776 1724 1849 1760 den

1108 1771 1271 1807 Sklaven
1297 1771 1360 1805 des
1386 1770 1446 1806 Gr.
1472 1770 1707 1806 bezeichnen.

1153 1830 1234 1865 hon.
1260 1841 1336 1874 qen.
1358 1829 1418 1864 lib.
1445 1830 1560 1874 educ]
1585 1830 1618 1864 h.
1638 1840 1671 1875 9.
1691 1841 1725 1864 u.
1747 1830 1769 1865 l.
1795 1831 1849 1866 ed.

1105 1876 1332 1911 bezeichnen
1347 1876 1407 1910 die
1420 1876 1554 1911 beiden
1568 1876 1849 1922 Hauptpunkte,

1107 1923 1175 1958 auf
1191 1923 1310 1958 denen
1330 1922 1544 1958 die-Civit'at
1555 1922 1706 1966 beruht;
1732 1923 1850 1959 tadel·

1106 1970 1183 2006 lose
1210 1969 1352 2005 Geburt
1382 1970 1457 2004 und
1488 1969 1740 2016 Vermeidung
1771 1972 1851 2006 ent-

1109 2017 1288 2052 ehrender
1313 2017 1523 2062 Handlung.

1153 2087 1217 2110 nec
1250 2076 1354 2111 modo
1380 2095 1422 2100 —
1448 2075 1508 2110 sed
1539 2085 1583 2110 ne
1613 2075 1771 2121 quidem]
1805 2092 1849 2105 =

1107 2126 1139 2157 et
1172 2133 1246 2158 mm
1276 2123 1378 2157 modo
1409 2131 1483 2156 non
1515 2141 1558 2146 —
1589 2132 1616 2156 s.
1648 2133 1685 2157 n.
1717 2133 1748 2167 q.
1774 2123 1848 2167 vgl.

1108 2169 1168 2211 22,
1200 2172 1256 2213 28,
1289 2173 1321 2204 5.
1361 2168 1421 2212 25,
1456 2172 1511 2211 15,
1542 2172 1574 2203 2.
1614 2168 1673 2212 28,
1709 2172 1766 2212 29,
1796 2174 1850 2205 11.

1108 2216 1183 2251 und
1222 2226 1262 2250 so
1300 2214 1552 2261 regelmassig‚
1594 2227 1698 2250 wenn
1742 2215 1850 2251 beide

1109 2262 1339 2344 {affglieder
1369 2261 1638 2307 gemeinsames
1670 2261 1853 2298 Pradikat

1136 2321 1158 2344 a
1185 2320 1241 2344 en.

1160 2372 1213 2403 12.
1241 2369 1381 2403 cessisse
1406 2379 1449 2402 m.
1485 2369 1525 2402 'in
1550 2368 1643 2413 acie]
1670 2368 1850 2403 Gewohn—

1110 2415 1185 2450 lich
1210 2416 1372 2450 excedere
1398 2425 1475 2450 acte
1495 2414 1767 2458 e.25‚12.31,
1797 2419 1851 2459 17,

1111 2466 1143 2497 9.
1171 2461 1281 2497 sowie
1308 2462 1382 2496 loco
1408 2462 1526 2496 cedere
1546 2461 1729 2506 24‚14‚7.
1756 2442 1852 2498 doeli

1111 2511 1196 2554 sagt
1221 2509 1296 2544 Liv.
1325 2508 1384 2551 22,
1401 2512 1455 2550 59,
1471 2512 1501 2543 9.
1523 2509 1684 2553 resuyere
1703 2509 1744 2543 in
1763 2509 1849 2545 acie.

1163 2571 1215 2601 14.
1242 2567 1389 2610 redisse]
1417 2566 1476 2601 die
1509 2578 1627 2612 zusgz.
1654 2566 1761 2601 Form
1787 2566 1852 2602 des

1113 2614 1178 2648 Inf.
1213 2614 1306 2649 Pers.
1339 2614 1420 2648 Act.
1458 2614 1549 2648 statt
1586 2614 1669 2648 izsse
1705 2612 1755 2648 ist
1791 2613 1851 2648 bei

1112 2661 1190 2696 Liv.
1216 2659 1505 2696 ausschliesslich
1532 2659 1581 2694 im
1609 2659 1814 2695 Gebrauch.

1157 2708 1305 2751 facinus
1348 2706 1505 2752 indiqu]
1559 2707 1735 2742 stehende
1787 2707 1850 2742 liv.

1110 2755 1264 2790 Phrase:
1281 2754 1334 2789 ‘es
1348 2753 1399 2788 sei
1413 2752 1850 2798 schandlich’‚87,82,l1.

1111 2803 1246 2837 elamor
1271 2801 1431 2845 undique
1455 2803 1504 2835 est
1529 2800 1704 2843 sublatae,
1731 2801 1851 2846 indiq-

1112 2860 1195 2883 num
1226 2848 1374 2891 facinus
1398 2857 1478 2882 esse.
1529 2846 1563 2890 2,
1589 2851 1645 2890 29,
1672 2852 1704 2884 3.
1731 2848 1852 2893 indiq-

1111 2907 1197 2930 num
1222 2895 1291 2938 sac.
1319 2905 1389 2930 csse
1415 2895 1618 2930 clamantes.
