2000 3338
131 183 156 200 a.
175 174 241 201 cnr.
263 181 291 199 n.
310 175 370 200 211.
654 164 795 198 LIBER
820 163 949 199 XXVI.
1001 164 1102 200 CAP.
1131 169 1184 200 13.
1621 165 1675 205 27

129 287 207 326 per
237 272 473 313 cruciatum
504 274 547 313 et
578 271 631 313 ad
662 272 963 314 contumeliam
994 271 1264 314 necarimus‘?
1302 272 1496 326 quotiens
1528 273 1573 314 in
1605 273 1676 314 ob-

131 330 319 372 sidentes
351 345 480 385 quam
510 330 680 372 inimice
713 331 988 385 eruperimus,
1020 334 1158 372 castra
1190 332 1534 386 oppugnarimus,
1561 330 1676 372 Han·

127 388 315 431 nibalem
351 389 640 431 vocaverimus
683 389 736 430 ad
774 389 1075 443 opprimendos
1115 389 1216 430 eos?
1253 390 1351 443 hoc,
1389 389 1501 444 quod
1531 404 1674 432 recen-

126 447 341 489 tissimum
366 450 443 501 est,
475 448 527 489 ad
559 448 893 503 oppugnandam
925 446 1108 489 Romam
1144 447 1244 489 hinc
1276 462 1372 488 eum
1402 449 1673 490 miserimus?

127 520 206 561 age
238 508 398 559 contra,
431 521 538 561 quae
569 506 634 547 illi
665 506 817 547 infeste
842 506 888 546 in
917 520 996 546 nos
1028 505 1216 558 fecerint,
1247 506 1437 559 repetite,
1468 511 1516 548 ut
1547 522 1597 549 ex
1623 522 1671 550 eo

126 564 227 618 quid
258 565 435 618 speretis
467 565 674 606 habeatis.
736 578 832 605 cum
862 563 1000 604 hostis
1039 563 1283 618 alienigena
1313 564 1357 604 in
1388 564 1515 606 Italia
1548 571 1671 623 esset,

125 626 167 663 et
197 622 414 665 Hannibal
444 623 595 676 hostis,
626 625 668 663 et
699 624 850 663 cuncta
881 621 994 662 bello
1021 622 1230 675 arderent,
1263 622 1432 663 omissis
1460 624 1670 681 omnibus,

124 681 282 724 omisso
314 683 408 736 ipso
442 681 683 723 Hannibale
716 680 841 721 ambo
875 679 1070 721 consules
1104 682 1145 720 et
1176 680 1257 721 duo
1285 680 1527 723 consulares
1554 697 1668 724 exer-

123 741 232 782 citus
265 740 318 782 ad
344 739 532 794 Capuam
559 738 889 793 oppugnandam
916 739 1137 780 miserunt.
1199 739 1381 780 alterum
1409 754 1568 782 annum
1594 742 1670 784 cir·

123 799 400 841 cumvallatos
437 798 706 851 inclusosque
738 811 816 838 nos
848 796 959 837 fame
990 799 1229 851 macerant,
1266 800 1309 838 et
1333 797 1416 851 ipsi
1446 799 1670 844 nobiscum

122 857 275 899 ultima
310 856 500 910 pericula
538 870 586 896 ac
617 856 894 910 gravissimos
933 855 1102 898 labores
1134 857 1338 910 perpessi,
1370 857 1482 898 circa
1507 860 1668 903 vallum

121 930 169 957 ac
199 916 338 957 fossas
371 928 496 969 saepe
527 914 729 956 trucidati
769 917 811 955 et
841 929 973 968 prope
1008 914 1060 955 ad
1093 917 1329 956 extremum
1361 917 1512 958 castris
1542 921 1668 962 exuti.

119 974 192 1015 sed
218 973 369 1015 omitto
410 973 533 1014 haec:
572 976 694 1015 vetus
735 976 861 1028 atque
893 974 1054 1014 usitata
1092 987 1158 1014 res
1198 977 1263 1015 est
1299 974 1345 1014 in
1383 979 1667 1031 oppugnanda

117 1032 308 1074 hostium
345 1032 449 1073 urbe
485 1032 654 1074 labores
693 1047 741 1074 ac
780 1032 969 1086 pericula
1006 1032 1107 1086 pati.

164 1188 194 1219 5.
222 1195 301 1229 per
332 1185 530 1220 cruciatum
550 1188 582 1219 et
607 1185 662 1219 ad
681 1188 855 1219 contume-

114 1232 216 1277 liam]
246 1230 328 1266 ‘auf
354 1231 435 1266 eine
465 1230 699 1266 martervolle
731 1231 854 1265 Weise

114 1279 189 1314 und
214 1291 276 1313 um
308 1278 425 1313 damit
453 1278 532 1313 eine
567 1277 855 1323 Beschimpfung

114 1338 158 1360 zu
177 1322 407 1360 verbinden'.
451 1325 530 1360 Liv.
558 1325 650 1359 liebt
676 1336 724 1368 es,
745 1325 853 1360 koor-

113 1372 272 1408 dinierte
287 1372 527 1417 Satzglieder‚
549 1372 663 1406 selbst
676 1383 782 1406 wenn
801 1372 854 1407 sie

112 1419 257 1465 gleiche
268 1419 518 1454 Verbaltnisse
529 1419 771 1463 ausdrucken,
780 1431 853 1454 von

112 1465 397 1502 verschiedenen
437 1465 719 1510 Prapositionen
766 1467 854 1501 oder

112 1513 413 1559 Konjunktionen
438 1513 635 1558 abhangen
660 1525 703 1547 zu
732 1513 852 1548 lassen

110 1573 139 1595 z.
160 1561 200 1595 Β.
228 1572 256 1596 c.
278 1564 309 1602 6,
330 1564 351 1595 8
371 1561 420 1595 de
444 1560 670 1595 Hannibalis
695 1562 853 1596 exercitu

114 1608 190 1642 und
214 1618 262 1642 eae
290 1606 497 1651 Campanis.

158 1659 189 1690 6.
210 1655 373 1699 quotiens
394 1666 501 1699 quam
519 1655 681 1701 inimice]
696 1655 851 1690 deutsch

109 1702 313 1737 entweder:
359 1701 443 1737 ‘wie
484 1701 538 1736 oft
577 1702 652 1736 und
689 1701 757 1737 wie
796 1713 849 1737 er-

108 1748 250 1793 bittert,
272 1749 376 1783 oder:
403 1748 472 1784 wie
495 1749 547 1784 ost
566 1748 634 1783 wir
652 1749 848 1785 erbittert.'

108 1795 183 1831 Der
219 1795 391 1830 Lateiner
427 1795 620 1831 verbindet
664 1808 725 1830 zur
762 1795 850 1830 Hin-

108 1843 276 1888 weisung
306 1842 394 1877 zwei
421 1842 722 1878 Demonstrativa
751 1845 849 1885 (toti-

109 1900 171 1925 ens
207 1893 282 1924 tam
318 1890 393 1934 vgl.
433 1893 451 1931 ἓ
488 1894 528 1924 17
566 1891 651 1925 haec
688 1893 738 1925 tot
775 1894 846 1925 tam

108 1937 253 1980 acerba)
265 1936 341 1971 und
358 1937 395 1971 in
411 1936 474 1971 der
483 1937 600 1981 Frage
615 1937 705 1971 zwei
712 1937 846 1982 Frage-

107 1983 328 2028 pronomina
353 1983 448 2019 ohne
475 1987 523 2026 et,
548 1995 613 2028 que
638 1984 699 2027 30,
725 1988 781 2027 42,
803 1988 845 2019 18

107 2042 150 2066 ea:
181 2032 329 2075 quantis
358 2031 487 2075 opibus
510 2041 579 2075 quo
604 2032 821 2077 recidisgent.

133 2081 186 2112 27.
214 2077 295 2123 aye]
327 2077 436 2112 Diese
473 2077 703 2113 rhetorische
728 2079 843 2113 Uber-

107 2124 380 2170 gangsformel,
419 2124 557 2159 welche
585 2125 650 2159 auf
673 2125 736 2160 das
761 2125 844 2160 Fol-

107 2172 224 2216 gende
259 2172 313 2205 als
345 2171 405 2206 ein
430 2172 626 2207 besonders
652 2173 844 2218 wichtiges

106 2220 311 2263 Argument
335 2218 536 2253 hinweisen
569 2219 646 2253 und
672 2219 731 2254 die
756 2220 843 2254 Aus-

105 2265 369 2301 merksamkeit
399 2265 463 2300 der
494 2265 655 2301 Zuhorer
692 2277 844 2312 crregen

106 2312 187 2356 soll,
213 2313 312 2348 steht
331 2313 444 2348 schon
462 2312 524 2348 bei
543 2312 669 2348 Cicero
689 2313 740 2348 im
761 2313 842 2348 Sin-

105 2359 214 2404 gular
239 2360 333 2394 auch
357 2359 396 2394 in
422 2360 486 2394 der
503 2360 648 2395 Anrede
675 2372 720 2395 an
740 2361 842 2396 meh-

104 2416 184 2441 rere
209 2406 403 2441 Personen.
431 2427 474 2432 —
500 2408 644 2451 repetite
676 2419 750 2453 erg.
777 2419 842 2443 me-

104 2464 231 2488 moria.

152 2500 200 2545 et]
225 2500 360 2534 nimmt
394 2500 448 2535 oft
485 2500 591 2535 einen
630 2502 743 2536 sehon
780 2513 841 2547 ge-

104 2549 267 2582 nannten
291 2546 433 2592 Begriff
450 2546 587 2582 wieder
603 2548 669 2581 auf
684 2549 760 2583 und
779 2549 840 2584 be-

105 2594 247 2638 stimmt
277 2594 343 2628 ihn
374 2594 504 2628 naher:
543 2593 602 2637 34,
629 2598 685 2638 32,
717 2599 737 2629 3
764 2606 843 2630 cum

104 2644 261 2686 byranno
292 2642 477 2676 instituere
508 2641 707 2676 amicitiam
732 2645 764 2676 et
788 2646 841 2687 ty-

103 2698 222 2723 ranno
237 2716 337 2724 .....
355 2689 559 2724 saevissimo
579 2705 622 2717 =
642 2688 716 2723 und
736 2700 840 2731 zwar,

103 2735 178 2770 und
203 2736 297 2770 noch
323 2736 426 2770 dazu.

150 2786 280 2817 cuncta
289 2783 377 2818 bello
390 2782 571 2828 arderent]
598 2782 693 2817 Vom
707 2782 840 2828 Kriege

102 2828 178 2863 und
195 2828 365 2874 Kampfe,
382 2841 468 2865 vom
482 2829 749 2875 Kampfeseifer
767 2830 841 2864 und

103 2874 220 2910 Hasse
245 2877 449 2921 gebraucht
467 2877 546 2912 Liv.
572 2877 641 2911 mit
660 2877 760 2912 einer
778 2877 839 2912 be-

102 2921 243 2958 liebten
275 2923 470 2968 Metapher
511 2924 570 2959 die
608 2924 733 2959 Verba
775 2924 838 2959 des

1167 1032 1271 1073 illud
1302 1032 1390 1073 irae
1428 1037 1553 1089 atque
1581 1038 1667 1079 odii

926 1183 1112 1218 Brennens
1140 1183 1213 1218 und
1239 1183 1570 1230 Entflammtseins,
1603 1200 1667 1224 na-

927 1230 1106 1265 mentlich
1140 1232 1266 1266 ardere
1298 1231 1373 1265 und
1406 1233 1572 1277 slayrare.
1606 1235 1666 1279 22,

930 1281 983 1320 13,
1011 1282 1052 1311 11
1079 1288 1158 1312 cum
1183 1279 1305 1313 omnia
1331 1279 1418 1313 bello
1455 1281 1665 1325 slayrarent.

926 1323 986 1367 31,
1015 1329 1068 1367 11,
1093 1328 1134 1359 10
1161 1326 1340 1369 flayrante
1365 1327 1468 1361 bello:
1507 1327 1541 1371 9,
1571 1333 1624 1373 10,
1645 1335 1664 1365 6

926 1372 1069 1406 civitate
1096 1373 1152 1406 ira
1177 1373 1327 1417 odioque
1352 1374 1508 1408 ardente.

972 1419 1112 1453 omissis
1125 1419 1303 1465 omnibus]
1332 1419 1400 1454 Die
1413 1420 1574 1467 Bildung
1593 1434 1664 1458 von

926 1465 1120 1500 absoluten
1146 1466 1346 1501 Ablativen
1370 1467 1439 1502 mit
1463 1468 1573 1504 Htssfe
1600 1470 1665 1505 der

926 1512 1254 1548 substantivierten
1298 1513 1440 1549 Neutra
1484 1515 1548 1550 der
1587 1517 1662 1551 Ad-

921 1558 1068 1603 jektiva
1093 1560 1167 1594 und
1183 1560 1406 1595 Pronomina
1430 1562 1479 1597 ist
1503 1563 1563 1598 bei
1583 1563 1660 1599 Liv.

923 1606 1123 1641 besonders
1156 1607 1303 1642 beliebt.
1344 1619 1372 1642 c.
1402 1612 1456 1652 13,
1485 1613 1527 1644 18
1560 1622 1582 1645 α
1607 1612 1657 1646 vi-

924 1654 1050 1689 dendis
1080 1655 1340 1699 audiendisque
1370 1657 1536 1692 omnibus
1564 1669 1659 1693 acer-

923 1701 977 1735 bis
1008 1702 1249 1746 indiynisque.
1287 1713 1317 1737 c.
1356 1706 1410 1745 25,
1450 1707 1470 1738 3
1509 1707 1660 1740 vastatis

917 1749 1110 1792 proximis.
1133 1760 1161 1783 c.
1184 1753 1239 1791 36,
1261 1753 1300 1783 12
1322 1751 1470 1794 paratis
1495 1753 1660 1788 omnibus

923 1796 971 1829 ad
995 1807 1030 1829 u.
1057 1807 1081 1829 s.
1108 1808 1152 1829 w.

957 1845 989 1876 8.
1002 1843 1200 1889 macerant]
1210 1843 1288 1878 dies
1303 1844 1400 1878 verb.
1411 1845 1659 1889 transitivum,

920 1892 1022 1924 sonst
1053 1889 1292 1932 dichterisch,
1330 1891 1426 1925 nach
1457 1892 1541 1926 dem
1566 1893 1659 1928 Vor-

918 1947 1040 1981 gange
1056 1937 1119 1971 des
1140 1936 1218 1971 Liv.
1236 1938 1360 1982 spater
1374 1939 1520 1973 anchin
1533 1939 1657 1981 Prosa,

919 1983 1018 2018 steht
1056 1983 1137 2018 hier
1174 1984 1213 2018 in
1251 1984 1493 2029 eigentlicher
1517 1986 1656 2022 Beden-

917 2031 1010 2076 tung
1048 2047 1090 2059 =
1130 2031 1378 2076 aushungern3
1418 2032 1585 2077 dagegen
1623 2035 1657 2078 5,

919 2081 981 2119 54,
1022 2081 1041 2111 3
1082 2078 1233 2122 aliquem
1272 2079 1446 2113 desiderio
1477 2091 1657 2116 macerare

917 2124 1155 2169 fibertragen:
1173 2125 1200 2169 j.
1218 2125 1334 2160 durch
1351 2125 1558 2161 Sehnsucht
1579 2128 1656 2162 auf-

919 2171 1056 2213 reiben,
1082 2173 1291 2207 verzehren.

965 2222 995 2252 9.
1022 2219 1082 2253 sed
1101 2219 1239 2265 omitto]
1261 2220 1302 2253 In
1316 2219 1387 2254 den
1400 2220 1571 2255 Formeln
1592 2222 1656 2257 der

916 2265 1131 2309 praeteritio
1157 2266 1324 2301 herrscht
1350 2267 1409 2302 bei
1434 2266 1512 2302 Liv.
1532 2269 1654 2313 grosse

915 2312 1259 2358 Mannigfaltigkeit
1283 2313 1356 2358 vgl.
1384 2327 1412 2349 z.
1429 2314 1467 2348 B.
1489 2326 1518 2349 c.
1539 2319 1595 2359 41,
1612 2320 1654 2352 10

915 2363 1030 2394 vetera
1057 2362 1178 2395 omitto
1204 2364 1292 2402 §IL
1318 2362 1392 2395 iam
1417 2363 1505 2406 quid
1529 2374 1653 2398 memo-

914 2418 996 2440 rem.
1024 2407 1084 2450 21,
1105 2411 1161 2451 43,
1184 2412 1225 2442 13
1247 2411 1287 2442 ut
1305 2411 1453 2443 taceam.
1474 2409 1534 2453 25,
1557 2414 1576 2445 6
1600 2415 1653 2445 10.

915 2453 980 2495 23,
1014 2458 1069 2495 42,
1106 2458 1124 2489 7
1160 2466 1231 2490 non
1268 2455 1453 2499 yloriabor
1487 2468 1522 2490 u.
1549 2468 1581 2491 a.
1608 2478 1652 2483 —

965 2505 1112 2536 10-12,
1140 2502 1331 2536 Nachdem
1356 2502 1394 2537 in
1420 2506 1568 2545 §7—-10
1589 2515 1653 2539 aus

913 2548 998 2582 dem
1029 2548 1232 2584 Verfahren
1269 2549 1334 2584 der
1366 2549 1499 2584 Romer
1533 2562 1653 2596 gegen

916 2594 1042 2639 Capua
1082 2595 1192 2630 deren
1223 2596 1653 2643 Erbarmungslosigkeit

915 2642 1196 2686 nachgewiesen
1233 2643 1298 2686 ist,
1335 2643 1428 2677 wird
1462 2647 1481 2686 ξ
1514 2649 1649 2679 10-12

915 2687 1081 2723 derselbe
1094 2690 1289 2725 Nachweis
1308 2690 1423 2724 durch
1436 2690 1651 2737 Darlegung

913 2734 1010 2769 ihtes
1036 2735 1258 2771 Verfahrens
1290 2748 1410 2781 gegen
1435 2738 1494 2772 die
1521 2738 1650 2782 eigene

913 2781 1062 2816 Heimat
1086 2783 1244 2827 gefi'ihrt.
1293 2783 1381 2818 Dies
1400 2784 1593 2828 geschieht
1611 2785 1650 2820 in

913 2832 934 2862 4
971 2828 1206 2871 Antithesen,
1253 2829 1363 2864 deren
1406 2830 1650 2867 Vordersatze

912 2876 1006 2910 nach
1028 2877 1093 2910 Art
1114 2876 1211 2910 eines
1230 2876 1378 2911 Klimax
1397 2877 1437 2922 je
1456 2878 1537 2913 eine
1555 2890 1648 2914 neue

911 2923 1047 2958 hohere
1075 2923 1176 2958 Stufe
1208 2922 1272 2958 der
1303 2923 1441 2958 Gefahr
1471 2925 1529 2960 fiir
1554 2926 1648 2962 Rom
