2000 3338
129 194 154 212 a.
174 186 240 212 Chr.
262 194 291 211 n.
312 187 373 211 210.

677 175 822 211 LIBER
847 175 978 210 XXVI.
1029 175 1128 211 CAP.
1156 179 1211 211 40.
1625 176 1681 217 85

130 286 222 325 erat
251 283 486 336 imperator
519 281 957 338 Carthaginiensium,
993 282 1066 324 sed
1099 297 1267 325 omnem
1299 283 1344 324 in
1374 281 1558 323 Muttine
1590 281 1680 324 Nu-

129 341 338 394 midisque
371 355 488 395 spem
517 341 748 395 repositam
780 340 1010 383 habebant.
1058 355 1135 395 per
1165 344 1302 383 totam
1322 339 1513 383 Siciliam
1544 354 1680 396 vagus
1708 350 1728 380 4

123 399 324 465 praedas
335 400 492 454 agebat
518 414 566 441 ex
593 399 721 441 sociis
740 399 1033 442 Romanorum
1058 414 1194 454 neque
1225 399 1454 441 intercludi
1481 400 1533 441 ab
1555 398 1681 454 Agri-

127 459 258 512 gento
283 457 326 499 vi
354 460 428 499 aut
454 460 544 500 arte
571 458 669 511 ulla,
699 472 788 512 nec,
814 458 915 512 quin
942 460 1184 512 erumperet
1205 458 1279 499 ubi
1297 458 1440 512 vellet,
1464 457 1683 512 prohiberi

126 518 306 570 poterat.
362 516 468 558 11366
501 516 591 558 eius
623 517 761 571 gloria
792 517 892 570 quia
921 516 1008 556 iam
1039 516 1311 569 imperatoris
1345 530 1510 570 quoque
1543 516 1681 557 famae
1709 524 1728 555 5

127 573 360 629 officiebat,
403 551 649 641 postremon
666 574 713 615 in
754 574 956 615 invidiam
1001 574 1148 625 vertit,
1194 576 1242 614 ut
1285 588 1338 614 116
1381 574 1489 614 bene
1534 576 1681 628 gestae

129 633 299 686 quidem
331 648 397 675 res
429 634 516 674 iam
534 631 740 674 Hannoni
771 634 946 685 propter
978 634 1193 672 auctorem
1222 632 1326 673 satis
1357 631 1495 672 136136
1528 631 1681 674 ess'ent

126 693 344 745 postremo
376 691 688 746 praefecturam
720 689 809 730 eius
841 689 929 731 filio
963 704 1038 731 suo
1072 689 1205 743 dedit,
1236 692 1353 731 ratus
1380 704 1476 731 cum
1502 690 1680 744 imperio
1708 700 1728 731 6

127 751 428 792 311610111316111
460 762 626 803 quoque
659 748 698 789 ei
729 748 840 789 inter
863 746 1072 789 Numidas
1106 750 1360 802 erepturum.
1411 748 1524 802 quod
1553 749 1681 803 longe

127 808 251 850 aliter
283 808 433 850 evenit.
489 820 591 848 nam
623 809 809 848 veterem
847 806 1036 848 favorem
1070 807 1159 848 eius
1199 822 1273 848 sua
1311 807 1485 861 insuper
1522 806 1682 848 invidia
1710 817 1727 847 7

126 866 262 919 auxit3
301 879 437 920 neque
474 865 546 906 ille
585 865 889 920 indignitatem
927 865 1107 906 iniuriae
1145 866 1243 907 111111
1282 865 1591 920 confestimque
1630 865 1683 906 ad

125 923 357 966 Laevinum
390 923 579 965 occultos
611 923 786 965 nuntios
818 923 935 964 misit
967 924 1017 964 de
1055 922 1260 965 tradendo
1293 924 1547 979 Agrigento

1608 939 1683 979 per
1708 932 1729 963 8

126 995 232 1036 quos
259 984 308 1023 ut
333 985 398 1024 est
421 982 537 1023 facta
561 978 665 1023 fides
692 982 1037 1036 compositusque
1063 983 1124 1024 rei
1151 982 1361 1036 gerendae
1387 983 1556 1036 modus,
1586 997 1681 1036 por-

123 1042 213 1082 tam
245 1040 297 1082 ad
330 1055 446 1082 mare
486 1041 696 1082 ferentem
727 1039 941 1082 Numidae
974 1055 1068 1082 cum
1102 1043 1381 1107 occupassent
1419 1041 1554 1106 pulsis
1585 1041 1683 1082 inde

125 1099 372 1140 custodibus
407 1102 481 1141 aut
512 1100 663 1153 eaesis,
696 1098 912 1140 Romanos
946 1099 999 1140 ad
1029 1100 1074 1140 id
1103 1099 1244 1154 ipsum
1270 1099 1426 1141 missos
1458 1100 1501 1140 in
1534 1099 1683 1140 urbem

123 1160 391 1212 acceperunt.

460 1160 502 1199 et
545 1172 640 1199 cuin
686 1158 856 1213 agmine
900 1158 986 1199 iam
1030 1158 1074 1199 in
1118 1157 1254 1199 media
1292 1158 1410 1199 urbis
1450 1171 1498 1199 ac
1541 1158 1680 1199 forum
1709 1166 1728 1197 9

121 1229 280 1271 magno
312 1216 498 1258 tumultu
523 1217 676 1270 iretur,
708 1219 826 1257 ratus
847 1216 1003 1258 Hanno
1028 1230 1116 1258 non
1144 1216 1256 1257 aliud
1291 1231 1418 1271 quam
1449 1217 1683 1257 tumultum

123 1288 173 1316 36
211 1275 511 1328 secessionem,
553 1275 595 1316 id
634 1275 745 1328 quod
785 1278 826 1315 et
859 1277 958 1316 ante
991 1274 1219 1325 acciderat,
1257 1274 1539 1316 Numidarum
1580 1289 1684 1328 esse,

122 1388 183 1421 am
219 1378 365 1422 Anfang
404 1378 466 1412 des
499 1378 625 1413 Satzes
662 1377 869 1422 bekraftigt

121 1435 623 1506 1311111131861111
632 1423 868 1516 {affrae

120 1517 332 1562 haufigsten
377 1517 436 1552 bei
476 1527 555 1552 sum
599 1518 674 1552 und
705 1518 870 1562 weniger

121 1564 385 1609 signifikanten
411 1564 567 1600 Verben.
606 1564 672 1609 24,
702 1568 765 1608 34,
793 1570 809 1599 1
838 1569 870 1600 et

122 1611 313 1646 habuisset.
341 1609 401 1654 25,
429 1614 460 1653 8,
488 1615 507 1645 9
535 1615 566 1646 et
592 1615 677 1647 erat.
705 1611 740 1655 6,
768 1616 822 1654 11,
848 1615 868 1646 9

121 1661 153 1692 et
178 1661 264 1692 erat.
298 1657 332 1700 2,
361 1662 420 1701 11,
454 1662 474 1693 6
501 1662 533 1693 et
558 1659 666 1693 sciere
691 1670 725 1692 u.
752 1661 814 1702 28,
845 1661 865 1693 8

123 1708 155 1740 et
181 1705 389 1749 apparebat.

170 1751 349 1797 Muttine]
376 1751 436 1794 25,
461 1755 518 1795 40,
546 1755 565 1786 5
595 1751 706 1787 heisst
729 1763 782 1787 er:
810 1753 867 1787 vir

122 1799 274 1843 impiqer
307 1802 338 1832 et
365 1799 430 1833 sub
457 1799 671 1833 Hannibale
695 1800 866 1843 magistro

123 1855 241 1880 omnes
266 1845 349 1880 belli
374 1848 468 1880 artes
499 1846 650 1880 edoctus.

168 1895 202 1926 4.
222 1892 383 1936 praedas
415 1892 541 1937 aqebat
572 1904 615 1928 eae
640 1893 767 1938 sociis]
799 1903 865 1927 aus

122 1939 205 1974 dem
232 1937 384 1974 Gebiete
415 1939 480 1973 der
507 1939 564 1981 B.;
599 1940 668 1974 wie
700 1940 760 1983 29,
786 1944 819 1983 4,
846 1944 864 1974 7

118 1986 278 2030 praedas
303 1987 462 2030 ingentes
487 1997 530 2021 ecc
558 1997 646 2031 ayro
671 1988 801 2021 inermi
822 2007 864 2012 —

123 2036 292 2077 ayentem.

167 2080 257 2124 quin
288 2083 484 2124 erumperet
513 2100 557 2105 —
583 2080 772 2124 prohiberi
798 2091 864 2125 po-

120 2127 228 2170 terat]
240 2125 316 2161 Liv.
336 2126 403 2161 hat
415 2127 607 2171 ‘prohibere
619 2139 688 2161 nur
705 2127 784 2162 hier
798 2127 867 2162 mit

119 2174 228 2217 quim
251 2184 321 2207 nur
346 2172 406 2217 25,
434 2177 488 2216 35,
516 2177 536 2208 6
562 2174 632 2208 mit
655 2175 866 2218 quominus;

120 2219 313 2254 bisweilen
333 2220 402 2255 mit
419 2231 464 2254 ‘ne
482 2220 559 2254 und
571 2221 610 2255 in
623 2221 694 2255 (1611
708 2220 867 2255 1116161611

120 2266 250 2301 Ε311611
282 2266 352 2301 mit
381 2266 443 2301 inf.
479 2267 567 2302 oder
598 2278 717 2302 accus.
745 2279 774 2302 6.
800 2268 864 2303 inf.

119 2313 350 2356 verbunden,
386 2313 554 2359 dagegen
579 2314 716 2349 andere
742 2315 866 2350 Verba

121 2359 185 2394 des
213 2341 464 2395 Verhiriderns
497 2361 620 2396 haben
651 2360 863 2397 unbedenk-

119 2404 197 2441 lieh
229 2407 336 2450 quin:
374 2418 403 2441 6.
436 2411 498 2451 44,
532 2412 551 2442 9
588 2419 726 2451 arcere,
764 2410 863 2453 quin.

121 2452 434 2496 2,19,4sustineri
446 2465 521 2488 ‘nou
537 2457 670 2498 potuit,
683 2456 819 2499 quirin.
831 2466 863 2490 a.

169 2503 198 2534 5
226 2500 346 2542 famae
370 2500 565 2547 officiebat]
591 2502 696 2536 Auch
722 2501 782 2544 25,
808 2506 864 2545 40,

124 2550 166 2580 12
192 2545 306 2581 heisst
326 2546 458 2581 Hanno
479 2548 615 2582 anxius
632 2549 770 2592 qloriae
789 2550 866 2584 eius

121 2593 390 2637 (Muttinis).-—
399 2594 538 2636 officio:
554 2594 702 2639 eigentl.
713 2595 865 2640 jemand

121 2639 185 2673 das
199 2639 309 2675 Licht
328 2640 524 2684 verbauen,
545 2640 660 2675 dann:
683 2641 721 2675 in
736 2640 864 2676 861131-

118 2686 183 2721 ten
205 2686 348 2722 61611611.
381 2686 441 2730 38,
463 2690 518 2729 58,
540 2692 559 2722 9
583 2698 627 2721 ἠε
652 2689 865 2732 maynitudo

119 2736 152 2767 et
175 2733 344 2777 splendor
372 2734 480 2779 leyati
507 2734 680 2769 laudibus
707 2734 865 2769 consulis

120 2779 286 2822 officeret.
324 2780 408 2825 Vgl.
430 2781 550 2824 praef.
579 2785 611 2815 3.

168 2830 198 2862 6.
220 2827 506 2873 praefecturam]
538 2828 638 2862 scine
667 2827 780 2862 Stelle
807 2827 861 2862 als

115 2874 341 2918 praefectus,·
375 2875 407 2908 d.
435 2875 471 2908 h.
504 2874 584 2909 hier
614 2874 722 2910 nicht
751 2874 862 2909 Kom-

119 2920 297 2956 mandant
333 2920 435 2955 einer
472 2922 533 2957 ala
571 2921 658 2965 (wie
694 2921 756 2956 bei
791 2922 861 2956 den

941 1378 1130 1422 Romern),
1157 1378 1311 1412 sondern
1340 1378 1404 1412 der
1429 1378 1683 1412 numidischen

942 1424 1105 1459 Reiterei
1130 1425 1169 1459 in
1191 1424 1341 1459 Sicilien
1366 1425 1585 1469 uberhaupt.
1624 1424 1684 1468 25,

941 1475 998 1514 40,
1022 1476 1042 1506 6
1062 1472 1146 1507 huic
1164 1472 1256 1515 (M.)
1275 1472 1460 1507 Numidae
1479 1473 1559 1507 dati
1578 1472 1686 1506 auxi-

942 1519 1060 1553 liares.

990 1569 1021 1599 7.
1036 1566 1290 1610 iudiyrzz'tatem
1304 1566 1482 1611 iniuriae]
1501 1565 1582 1600 ‘das
1594 1565 1685 1600 Ver-

940 1612 1107 1647 letzende
1121 1612 1239 1647 seiner
1248 1613 1573 1657 Zurficksetzung’.
1593 1612 1685 1647 Sub-

941 1659 1173 1694 stantivierte
1205 1659 1348 1694 Neutra
1383 1659 1446 1694 des
1471 1659 1685 1694 Deutschen

940 1706 1023 1740 sind
1060 1705 1185 1751 haufig
1226 1707 1341 1740 durch
1378 1706 1442 1741 lat.
1481 1706 1687 1741 Abstrakta

939 1752 1252 1797 wiederzugeben.
1304 1753 1526 1797 iridiyuitas:
1555 1753 1595 1797 1,
1628 1757 1684 1797 34,

940 1804 970 1834 5.
1005 1799 1039 1842 2,
1068 1803 1099 1841 7,
1128 1804 1146 1834 7
1173 1812 1206 1834 u.
1234 1811 1265 1835 0.

988 1849 1018 1881 8.
1046 1850 1087 1880 ut
1115 1850 1164 1881 est
1189 1847 1290 1889 facta
1309 1867 1352 1871 —-
1375 1846 1560 1881 Numidae
1587 1846 1683 1892 cum]

939 1892 1016 1927 Vor
1044 1893 1126 1927 dem
1148 1894 1300 1928 zweiten
1325 1893 1558 1938 temporalen
1579 1893 1685 1927 Satze

939 1940 1009 1974 mit
1046 1950 1125 1974 cum
1162 1940 1212 1974 ist
1249 1940 1300 1974 im
1332 1940 1544 1975 Deutschen
1577 1940 1682 1973 ‘und’

940 1986 1237 2030 einzuschieben,
1273 1987 1447 2021 wahrend
1478 1986 1528 2021 im
1562 1986 1685 2022 Latei-

939 2033 1092 2068 nischen
1131 2033 1220 2068 zwei
1260 2033 1383 2077 83126,
1428 2034 1486 2068 die
1529 2033 1568 2068 in
1605 2044 1684 2068 ver-

940 2080 1174 2115 schiedenem
1217 2080 1412 2115 zeitlichen
1455 2079 1685 2115 Verh'altniss

939 2139 1021 2161 zum
1040 2127 1272 2171 Hauptsatze
1299 2127 1445 2170 stehen,
1473 2127 1686 2162 demselben

939 2174 1171 2255 {syndgtisp}
1203 2176 1451 2227 vorantreten.
1494 2185 1526 2255 ci
1555 2177 1618 2217 48,
1649 2177 1686 2255 ξ..

965 2234 1006 2263 o,
1087 2249 1094 2264 ,
1199 2232 1278 2255 cum
1312 2231 1508 2265 accepis-sen
1552 2241 1595 2245 —
1622 2232 1647 2255 u
1671 2232 1685 2255 z

937 2268 1115 2302 viderunt.

987 2318 1018 2349 9.
1038 2325 1113 2349 uon
1139 2315 1244 2349 aliud
1270 2314 1401 2359 quam]
1432 2314 1484 2348 ‘es
1510 2314 1563 2349 661
1587 2314 1684 2350 nur’.

938 2360 1016 2395 Auf
1037 2362 1143 2396 aliud
1168 2361 1237 2395 mit
1261 2361 1361 2395 einer
1380 2361 1568 2405 Negation
1587 2361 1685 2406 folgt

938 2408 998 2443 bei
1038 2408 1113 2443 Liv.
1161 2408 1237 2442 fast
1279 2409 1411 2442 immer
1447 2419 1576 2451 quarm
1615 2419 1685 2441 nur

938 2455 1055 2489 selten
1087 2456 1179 2489 nisi:
1216 2454 1282 2497 25,
1316 2459 1355 2497 4,
1389 2459 1419 2489 5.
1456 2454 1522 2496 27,
1555 2458 1618 2497 36,
1650 2458 1683 2488 4.

938 2501 999 2545 28,
1027 2506 1084 2543 27,
1112 2506 1141 2536 5.

984 2550 1025 2583 id
1056 2549 1172 2594 quod]
1206 2548 1272 2582 das
1303 2547 1487 2582 Neutrum
1519 2547 1582 2582 des
1614 2548 1684 2582 Re—

938 2595 1048 2630 lativs
1071 2596 1197 2637 ‘was²,
1230 2595 1390 2630 welches
1420 2594 1498 2629 sich
1524 2594 1590 2629 auf
1613 2595 1685 2628 den

937 2642 1062 2676 Inhalt
1087 2642 1188 2676 eines
1212 2653 1355 2686 ganzen
1377 2641 1505 2676 Satzes
1525 2640 1684 2684 bezieht‚

937 2687 1030 2721 wird
1068 2690 1160 2722 stets
1198 2688 1314 2722 durch
1352 2689 1392 2722 id
1423 2688 1518 2731 quod
1555 2697 1684 2731 ausge-

939 2734 1073 2768 driickt
1105 2734 1179 2768 und
1212 2734 1332 2768 dieser
1362 2733 1591 2768 Relativsatz
1621 2733 1684 2768 bei

937 2779 1265 2824 Liv.rege1mafsig
1276 2780 1457 2815 zwischen
1470 2780 1529 2814 die
1540 2780 1683 2824 Worte,

936 2839 978 2861 zu
1006 2827 1124 2862 denen
1150 2838 1189 2861 er
1214 2827 1364 2871 gehort,
1400 2827 1682 2871 eingeschoben.

936 2877 955 2916 ξ
977 2877 1019 2909 16
1046 2875 1085 2909 id
1109 2875 1213 2918 quod.
1252 2873 1293 2916 3,
1321 2877 1383 2916 26,
1410 2877 1429 2908 9
1456 2875 1556 2918 operi
1580 2878 1682 2917 certe,

930 2922 976 2983 id
1001 2922 1095 2965 quod
1121 2924 1269 2964 constat,
1296 2922 1430 2965 ayresti
1454 2922 1624 2956 intentus.
